timestamp,agg_tradeId,price,quantity,first_tradeId,last_tradeId,isBuyerMaker,isBestMatch
2020/09/06 17:00:02 UTC,71422683,0.00226000,8.84000000,86866793,86866793,True,True
2020/09/06 17:00:02 UTC,71422684,0.00225990,8.14000000,86866794,86866794,True,True
2020/09/06 17:00:03 UTC,71422685,0.00226050,0.17000000,86866795,86866795,False,True
2020/09/06 17:00:04 UTC,71422686,0.00226010,10.00000000,86866796,86866796,False,True
2020/09/06 17:00:04 UTC,71422687,0.00226020,14.98000000,86866797,86866797,False,True
2020/09/06 17:00:04 UTC,71422688,0.00226030,11.92000000,86866798,86866799,False,True
2020/09/06 17:00:04 UTC,71422689,0.00226040,51.58000000,86866800,86866800,False,True
2020/09/06 17:00:05 UTC,71422690,0.00226030,5.09000000,86866801,86866801,False,True
2020/09/06 17:00:07 UTC,71422691,0.00226020,0.47000000,86866802,86866802,False,True
2020/09/06 17:00:10 UTC,71422692,0.00225960,8.84000000,86866803,86866803,True,True
2020/09/06 17:00:10 UTC,71422693,0.00225960,0.48000000,86866804,86866804,False,True
2020/09/06 17:00:13 UTC,71422694,0.00225900,0.20000000,86866805,86866805,True,True
2020/09/06 17:00:13 UTC,71422695,0.00225850,8.84000000,86866806,86866806,True,True
2020/09/06 17:00:13 UTC,71422696,0.00225810,0.96000000,86866807,86866807,True,True
2020/09/06 17:00:14 UTC,71422697,0.00225950,1.33000000,86866808,86866808,False,True
2020/09/06 17:00:17 UTC,71422698,0.00225940,155.15000000,86866809,86866809,False,True
2020/09/06 17:00:17 UTC,71422699,0.00225950,0.24000000,86866810,86866810,False,True
2020/09/06 17:00:17 UTC,71422700,0.00225960,11.91000000,86866811,86866812,False,True
2020/09/06 17:00:17 UTC,71422701,0.00226020,2.00000000,86866813,86866813,False,True
2020/09/06 17:00:17 UTC,71422702,0.00226050,33.63000000,86866814,86866814,False,True
2020/09/06 17:00:17 UTC,71422703,0.00226080,12.25000000,86866815,86866816,False,True
2020/09/06 17:00:17 UTC,71422704,0.00226100,6.08000000,86866817,86866817,False,True
2020/09/06 17:00:17 UTC,71422705,0.00225990,155.90000000,86866818,86866818,True,True
2020/09/06 17:00:18 UTC,71422706,0.00226000,0.30000000,86866819,86866819,False,True
2020/09/06 17:00:19 UTC,71422707,0.00226000,4.91000000,86866820,86866821,False,True
2020/09/06 17:00:19 UTC,71422708,0.00226070,5.66000000,86866822,86866822,False,True
2020/09/06 17:00:19 UTC,71422709,0.00226070,50.87000000,86866823,86866824,False,True
2020/09/06 17:00:19 UTC,71422710,0.00226070,17.68000000,86866825,86866825,False,True
2020/09/06 17:00:19 UTC,71422711,0.00226070,34.58000000,86866826,86866827,False,True
2020/09/06 17:00:19 UTC,71422712,0.00226070,45.21000000,86866828,86866829,False,True
2020/09/06 17:00:19 UTC,71422713,0.00226070,32.90000000,86866830,86866830,False,True
2020/09/06 17:00:19 UTC,71422714,0.00226080,17.68000000,86866831,86866831,False,True
2020/09/06 17:00:19 UTC,71422715,0.00226090,34.58000000,86866832,86866833,False,True
2020/09/06 17:00:19 UTC,71422716,0.00226100,7.42000000,86866834,86866835,False,True
2020/09/06 17:00:20 UTC,71422717,0.00226120,6.93000000,86866836,86866836,False,True
2020/09/06 17:00:20 UTC,71422718,0.00226120,13.77000000,86866837,86866837,False,True
2020/09/06 17:00:20 UTC,71422719,0.00226020,5.58000000,86866838,86866838,True,True
2020/09/06 17:00:25 UTC,71422720,0.00226130,4.09000000,86866839,86866839,False,True
2020/09/06 17:00:25 UTC,71422721,0.00226140,5.58000000,86866840,86866840,False,True
2020/09/06 17:00:25 UTC,71422722,0.00226150,2.68000000,86866841,86866841,False,True
2020/09/06 17:00:25 UTC,71422723,0.00226160,1.97000000,86866842,86866842,False,True
2020/09/06 17:00:25 UTC,71422724,0.00226170,3.36000000,86866843,86866843,False,True
2020/09/06 17:00:27 UTC,71422725,0.00226100,8.29000000,86866844,86866844,True,True
2020/09/06 17:00:27 UTC,71422726,0.00226190,8.29000000,86866845,86866845,False,True
2020/09/06 17:00:27 UTC,71422727,0.00226200,3.26000000,86866846,86866846,False,True
2020/09/06 17:00:27 UTC,71422728,0.00226220,2.66000000,86866847,86866847,False,True
2020/09/06 17:00:27 UTC,71422729,0.00226230,0.70000000,86866848,86866849,False,True
2020/09/06 17:00:27 UTC,71422730,0.00226250,12.56000000,86866850,86866850,False,True
2020/09/06 17:00:31 UTC,71422731,0.00226250,0.25000000,86866851,86866851,False,True
2020/09/06 17:00:32 UTC,71422732,0.00226150,5.10000000,86866852,86866852,True,True
2020/09/06 17:00:36 UTC,71422733,0.00226140,0.68000000,86866853,86866853,True,True
2020/09/06 17:00:38 UTC,71422734,0.00226140,0.41000000,86866854,86866854,True,True
2020/09/06 17:00:38 UTC,71422735,0.00226140,0.48000000,86866855,86866855,True,True
2020/09/06 17:00:39 UTC,71422736,0.00226140,0.50000000,86866856,86866856,True,True
2020/09/06 17:00:40 UTC,71422737,0.00226190,1.00000000,86866857,86866857,False,True
2020/09/06 17:00:41 UTC,71422738,0.00226140,0.50000000,86866858,86866858,True,True
2020/09/06 17:00:42 UTC,71422739,0.00226140,0.09000000,86866859,86866859,True,True
2020/09/06 17:00:42 UTC,71422740,0.00226140,0.05000000,86866860,86866860,True,True
2020/09/06 17:00:43 UTC,71422741,0.00226150,4.09000000,86866861,86866865,True,True
2020/09/06 17:00:43 UTC,71422742,0.00226140,6.12000000,86866866,86866866,True,True
2020/09/06 17:00:43 UTC,71422743,0.00226130,10.01000000,86866867,86866868,True,True
2020/09/06 17:00:43 UTC,71422744,0.00226050,6.70000000,86866869,86866869,True,True
2020/09/06 17:00:45 UTC,71422745,0.00226150,1.20000000,86866870,86866870,False,True
2020/09/06 17:00:46 UTC,71422746,0.00226140,34.63000000,86866871,86866871,True,True
2020/09/06 17:00:48 UTC,71422747,0.00226070,10.00000000,86866872,86866874,True,True
2020/09/06 17:00:49 UTC,71422748,0.00226130,1.41000000,86866875,86866875,False,True
2020/09/06 17:00:49 UTC,71422749,0.00226140,3.44000000,86866876,86866876,False,True
2020/09/06 17:00:51 UTC,71422750,0.00226160,0.02000000,86866877,86866877,False,True
2020/09/06 17:00:53 UTC,71422751,0.00226080,0.89000000,86866878,86866878,True,True
2020/09/06 17:00:56 UTC,71422752,0.00226070,0.49000000,86866879,86866879,True,True
2020/09/06 17:01:00 UTC,71422753,0.00226070,31.16000000,86866880,86866880,True,True
2020/09/06 17:01:02 UTC,71422754,0.00226160,0.53000000,86866881,86866881,False,True
2020/09/06 17:01:04 UTC,71422755,0.00226150,2.21000000,86866882,86866882,False,True
2020/09/06 17:01:08 UTC,71422756,0.00226060,1.78000000,86866883,86866883,True,True
2020/09/06 17:01:14 UTC,71422757,0.00226140,8.27000000,86866884,86866884,False,True
2020/09/06 17:01:14 UTC,71422758,0.00226100,0.06000000,86866885,86866885,True,True
2020/09/06 17:01:15 UTC,71422759,0.00226100,0.06000000,86866886,86866886,True,True
2020/09/06 17:01:16 UTC,71422760,0.00226090,1.74000000,86866887,86866887,True,True
2020/09/06 17:01:18 UTC,71422761,0.00226150,0.07000000,86866888,86866888,False,True
2020/09/06 17:01:18 UTC,71422762,0.00226170,1.93000000,86866889,86866889,False,True
2020/09/06 17:01:20 UTC,71422763,0.00226160,3.05000000,86866890,86866890,False,True
2020/09/06 17:01:23 UTC,71422764,0.00226090,1.00000000,86866891,86866891,True,True
2020/09/06 17:01:23 UTC,71422765,0.00226160,0.48000000,86866892,86866892,False,True
2020/09/06 17:01:23 UTC,71422766,0.00226170,4.52000000,86866893,86866893,False,True
2020/09/06 17:01:26 UTC,71422767,0.00226100,0.31000000,86866894,86866894,True,True
2020/09/06 17:01:28 UTC,71422768,0.00226160,1.00000000,86866895,86866895,False,True
2020/09/06 17:01:28 UTC,71422769,0.00226170,0.65000000,86866896,86866896,False,True
2020/09/06 17:01:28 UTC,71422770,0.00226180,8.10000000,86866897,86866897,False,True
2020/09/06 17:01:30 UTC,71422771,0.00226180,3.80000000,86866898,86866898,False,True
2020/09/06 17:01:31 UTC,71422772,0.00226150,10.41000000,86866899,86866900,True,True
2020/09/06 17:01:31 UTC,71422773,0.00226150,4.62000000,86866901,86866901,True,True
2020/09/06 17:01:33 UTC,71422774,0.00226170,1.00000000,86866902,86866902,False,True
2020/09/06 17:01:35 UTC,71422775,0.00226140,1.40000000,86866903,86866903,True,True
2020/09/06 17:01:36 UTC,71422776,0.00226120,16.98000000,86866904,86866905,True,True
2020/09/06 17:01:36 UTC,71422777,0.00226090,0.50000000,86866906,86866906,True,True
2020/09/06 17:01:37 UTC,71422778,0.00226090,8.34000000,86866907,86866907,True,True
2020/09/06 17:01:37 UTC,71422779,0.00226080,8.84000000,86866908,86866908,True,True
2020/09/06 17:01:37 UTC,71422780,0.00226070,0.49000000,86866909,86866909,True,True
2020/09/06 17:01:39 UTC,71422781,0.00226120,0.06000000,86866910,86866910,False,True
2020/09/06 17:01:51 UTC,71422782,0.00226070,3.77000000,86866911,86866912,False,True
2020/09/06 17:01:51 UTC,71422783,0.00226070,4.20000000,86866913,86866913,True,True
2020/09/06 17:01:51 UTC,71422784,0.00226060,0.75000000,86866914,86866914,True,True
2020/09/06 17:01:52 UTC,71422785,0.00226070,0.26000000,86866915,86866915,True,True
2020/09/06 17:01:53 UTC,71422786,0.00226070,0.23000000,86866916,86866916,True,True
2020/09/06 17:01:53 UTC,71422787,0.00226070,7.81000000,86866917,86866917,True,True
2020/09/06 17:01:53 UTC,71422788,0.00226070,152.19000000,86866918,86866919,True,True
2020/09/06 17:01:53 UTC,71422789,0.00226070,3.71000000,86866920,86866920,True,True
2020/09/06 17:01:56 UTC,71422790,0.00226050,1.68000000,86866921,86866921,True,True
2020/09/06 17:01:56 UTC,71422791,0.00226020,0.71000000,86866922,86866922,True,True
2020/09/06 17:01:56 UTC,71422792,0.00226080,8.76000000,86866923,86866923,False,True
2020/09/06 17:01:58 UTC,71422793,0.00226080,17.70000000,86866924,86866924,False,True
2020/09/06 17:01:58 UTC,71422794,0.00226090,5.76000000,86866925,86866925,False,True
2020/09/06 17:01:58 UTC,71422795,0.00226090,2.24000000,86866926,86866926,False,True
2020/09/06 17:02:01 UTC,71422796,0.00226110,0.43000000,86866927,86866927,True,True
2020/09/06 17:02:01 UTC,71422797,0.00226100,7.66000000,86866928,86866928,True,True
2020/09/06 17:02:02 UTC,71422798,0.00226050,155.43000000,86866929,86866930,True,True
2020/09/06 17:02:04 UTC,71422799,0.00226020,8.84000000,86866931,86866931,True,True
2020/09/06 17:02:04 UTC,71422800,0.00226060,28.89000000,86866932,86866932,False,True
2020/09/06 17:02:04 UTC,71422801,0.00226070,8.84000000,86866933,86866933,False,True
2020/09/06 17:02:04 UTC,71422802,0.00226080,1.65000000,86866934,86866934,False,True
2020/09/06 17:02:04 UTC,71422803,0.00226110,8.14000000,86866935,86866935,False,True
2020/09/06 17:02:04 UTC,71422804,0.00226120,251.67000000,86866936,86866941,False,True
2020/09/06 17:02:04 UTC,71422805,0.00226120,146.66000000,86866942,86866942,True,True
2020/09/06 17:02:04 UTC,71422806,0.00226120,91.25000000,86866943,86866943,True,True
2020/09/06 17:02:04 UTC,71422807,0.00226010,8.84000000,86866944,86866944,True,True
2020/09/06 17:02:04 UTC,71422808,0.00226000,10.37000000,86866945,86866945,True,True
2020/09/06 17:02:04 UTC,71422809,0.00225990,560.87000000,86866946,86866946,True,True
2020/09/06 17:02:05 UTC,71422810,0.00225940,7.10000000,86866947,86866947,True,True
2020/09/06 17:02:05 UTC,71422811,0.00225930,5.90000000,86866948,86866948,True,True
2020/09/06 17:02:05 UTC,71422812,0.00225930,7.10000000,86866949,86866949,True,True
2020/09/06 17:02:05 UTC,71422813,0.00225920,1.00000000,86866950,86866950,True,True
2020/09/06 17:02:05 UTC,71422814,0.00225920,4.88000000,86866951,86866951,True,True
2020/09/06 17:02:05 UTC,71422815,0.00225910,13.00000000,86866952,86866952,True,True
2020/09/06 17:02:05 UTC,71422816,0.00225900,1.00000000,86866953,86866953,True,True
2020/09/06 17:02:05 UTC,71422817,0.00225850,14.74000000,86866954,86866954,True,True
2020/09/06 17:02:05 UTC,71422818,0.00225850,18.88000000,86866955,86866955,True,True
2020/09/06 17:02:05 UTC,71422819,0.00225840,126.18000000,86866956,86866957,True,True
2020/09/06 17:02:05 UTC,71422820,0.00225840,18.88000000,86866958,86866958,True,True
2020/09/06 17:02:05 UTC,71422821,0.00225860,10.82000000,86866959,86866959,True,True
2020/09/06 17:02:05 UTC,71422822,0.00225850,8.85000000,86866960,86866960,True,True
2020/09/06 17:02:05 UTC,71422823,0.00225820,10.00000000,86866961,86866961,True,True
2020/09/06 17:02:05 UTC,71422824,0.00225810,5.61000000,86866962,86866962,True,True
2020/09/06 17:02:05 UTC,71422825,0.00225750,108.19000000,86866963,86866963,True,True
2020/09/06 17:02:05 UTC,71422826,0.00225750,459.95000000,86866964,86866965,True,True
2020/09/06 17:02:05 UTC,71422827,0.00225750,15.25000000,86866966,86866968,True,True
2020/09/06 17:02:05 UTC,71422828,0.00225710,5.08000000,86866969,86866971,True,True
2020/09/06 17:02:05 UTC,71422829,0.00225660,1.04000000,86866972,86866972,True,True
2020/09/06 17:02:05 UTC,71422830,0.00225640,90.06000000,86866973,86866973,True,True
2020/09/06 17:02:05 UTC,71422831,0.00225630,91.28000000,86866974,86866976,True,True
2020/09/06 17:02:05 UTC,71422832,0.00225620,3.50000000,86866977,86866979,True,True
2020/09/06 17:02:05 UTC,71422833,0.00225600,2.93000000,86866980,86866984,True,True
2020/09/06 17:02:05 UTC,71422834,0.00225590,0.11000000,86866985,86866985,True,True
2020/09/06 17:02:05 UTC,71422835,0.00225590,0.67000000,86866986,86866986,True,True
2020/09/06 17:02:05 UTC,71422836,0.00225590,8.09000000,86866987,86866987,True,True
2020/09/06 17:02:05 UTC,71422837,0.00225560,0.05000000,86866988,86866988,True,True
2020/09/06 17:02:05 UTC,71422838,0.00225550,0.67000000,86866989,86866989,True,True
2020/09/06 17:02:05 UTC,71422839,0.00225540,1.86000000,86866990,86866990,True,True
2020/09/06 17:02:05 UTC,71422840,0.00225540,0.72000000,86866991,86866991,True,True
2020/09/06 17:02:05 UTC,71422841,0.00225510,49.44000000,86866992,86866993,True,True
2020/09/06 17:02:05 UTC,71422842,0.00225500,8.70000000,86866994,86866995,True,True
2020/09/06 17:02:06 UTC,71422843,0.00225860,0.11000000,86866996,86866996,False,True
2020/09/06 17:02:06 UTC,71422844,0.00225830,0.30000000,86866997,86866997,False,True
2020/09/06 17:02:06 UTC,71422845,0.00225750,12.81000000,86866998,86866999,False,True
2020/09/06 17:02:07 UTC,71422846,0.00225540,0.50000000,86867000,86867000,True,True
2020/09/06 17:02:07 UTC,71422847,0.00225540,0.07000000,86867001,86867001,True,True
2020/09/06 17:02:07 UTC,71422848,0.00225540,8.28000000,86867002,86867002,True,True
2020/09/06 17:02:07 UTC,71422849,0.00225530,8.14000000,86867003,86867003,True,True
2020/09/06 17:02:07 UTC,71422850,0.00225520,0.29000000,86867004,86867004,True,True
2020/09/06 17:02:07 UTC,71422851,0.00225510,1.33000000,86867005,86867005,True,True
2020/09/06 17:02:07 UTC,71422852,0.00225570,7.82000000,86867006,86867006,False,True
2020/09/06 17:02:07 UTC,71422853,0.00225570,0.15000000,86867007,86867007,False,True
2020/09/06 17:02:08 UTC,71422854,0.00225510,16.42000000,86867008,86867008,True,True
2020/09/06 17:02:08 UTC,71422855,0.00225510,5.16000000,86867009,86867009,True,True
2020/09/06 17:02:08 UTC,71422856,0.00225500,164.69000000,86867010,86867010,True,True
2020/09/06 17:02:08 UTC,71422857,0.00225500,3.27000000,86867011,86867011,True,True
2020/09/06 17:02:08 UTC,71422858,0.00225510,5.31000000,86867012,86867012,True,True
2020/09/06 17:02:09 UTC,71422859,0.00225510,0.59000000,86867013,86867013,False,True
2020/09/06 17:02:09 UTC,71422860,0.00225510,0.86000000,86867014,86867014,False,True
2020/09/06 17:02:09 UTC,71422861,0.00225500,15.12000000,86867015,86867015,True,True
2020/09/06 17:02:10 UTC,71422862,0.00225500,21.04000000,86867016,86867016,True,True
2020/09/06 17:02:10 UTC,71422863,0.00225500,146.66000000,86867017,86867017,True,True
2020/09/06 17:02:10 UTC,71422864,0.00225500,253.41000000,86867018,86867022,True,True
2020/09/06 17:02:10 UTC,71422865,0.00225500,60.77000000,86867023,86867023,True,True
2020/09/06 17:02:10 UTC,71422866,0.00225500,21.38000000,86867024,86867026,True,True
2020/09/06 17:02:10 UTC,71422867,0.00225490,0.15000000,86867027,86867028,True,True
2020/09/06 17:02:10 UTC,71422868,0.00225480,0.44000000,86867029,86867029,True,True
2020/09/06 17:02:10 UTC,71422869,0.00225470,0.14000000,86867030,86867030,False,True
2020/09/06 17:02:11 UTC,71422870,0.00225420,16.42000000,86867031,86867031,True,True
2020/09/06 17:02:11 UTC,71422871,0.00225420,5.16000000,86867032,86867032,True,True
2020/09/06 17:02:11 UTC,71422872,0.00225420,0.09000000,86867033,86867033,True,True
2020/09/06 17:02:11 UTC,71422873,0.00225410,159.73000000,86867034,86867034,True,True
2020/09/06 17:02:11 UTC,71422874,0.00225440,2.37000000,86867035,86867035,False,True
2020/09/06 17:02:11 UTC,71422875,0.00225410,3.27000000,86867036,86867036,True,True
2020/09/06 17:02:11 UTC,71422876,0.00225410,20.00000000,86867037,86867037,True,True
2020/09/06 17:02:11 UTC,71422877,0.00225410,19.00000000,86867038,86867038,True,True
2020/09/06 17:02:11 UTC,71422878,0.00225410,190.00000000,86867039,86867039,True,True
2020/09/06 17:02:11 UTC,71422879,0.00225410,5.00000000,86867040,86867040,True,True
2020/09/06 17:02:11 UTC,71422880,0.00225410,101.66000000,86867041,86867041,True,True
2020/09/06 17:02:11 UTC,71422881,0.00225410,27.75000000,86867042,86867042,True,True
2020/09/06 17:02:11 UTC,71422882,0.00225410,266.02000000,86867043,86867043,True,True
2020/09/06 17:02:11 UTC,71422883,0.00225410,405.96000000,86867044,86867044,True,True
2020/09/06 17:02:11 UTC,71422884,0.00225400,3.96000000,86867045,86867048,True,True
2020/09/06 17:02:11 UTC,71422885,0.00225380,0.07000000,86867049,86867049,True,True
2020/09/06 17:02:11 UTC,71422886,0.00225420,2.60000000,86867050,86867050,False,True
2020/09/06 17:02:11 UTC,71422887,0.00225370,0.40000000,86867051,86867052,True,True
2020/09/06 17:02:11 UTC,71422888,0.00225360,2.70000000,86867053,86867054,True,True
2020/09/06 17:02:11 UTC,71422889,0.00225390,4.15000000,86867055,86867055,False,True
2020/09/06 17:02:11 UTC,71422890,0.00225390,8.85000000,86867056,86867056,False,True
2020/09/06 17:02:11 UTC,71422891,0.00225410,2.19000000,86867057,86867057,False,True
2020/09/06 17:02:11 UTC,71422892,0.00225360,5.64000000,86867058,86867058,False,True
2020/09/06 17:02:12 UTC,71422893,0.00225350,5.64000000,86867059,86867059,True,True
2020/09/06 17:02:12 UTC,71422894,0.00225340,0.10000000,86867060,86867060,True,True
2020/09/06 17:02:12 UTC,71422895,0.00225360,6.39000000,86867061,86867061,False,True
2020/09/06 17:02:12 UTC,71422896,0.00225350,0.49000000,86867062,86867062,False,True
2020/09/06 17:02:13 UTC,71422897,0.00225350,6.48000000,86867063,86867064,False,True
2020/09/06 17:02:13 UTC,71422898,0.00225320,0.13000000,86867065,86867065,True,True
2020/09/06 17:02:13 UTC,71422899,0.00225310,0.13000000,86867066,86867066,True,True
2020/09/06 17:02:13 UTC,71422900,0.00225300,4.30000000,86867067,86867069,True,True
2020/09/06 17:02:13 UTC,71422901,0.00225280,0.96000000,86867070,86867071,True,True
2020/09/06 17:02:13 UTC,71422902,0.00225270,2.61000000,86867072,86867072,True,True
2020/09/06 17:02:13 UTC,71422903,0.00225260,12.91000000,86867073,86867074,True,True
2020/09/06 17:02:13 UTC,71422904,0.00225260,0.12000000,86867075,86867075,True,True
2020/09/06 17:02:13 UTC,71422905,0.00225260,18.72000000,86867076,86867076,True,True
2020/09/06 17:02:13 UTC,71422906,0.00225260,10.79000000,86867077,86867077,True,True
2020/09/06 17:02:13 UTC,71422907,0.00225250,99.47000000,86867078,86867078,True,True
2020/09/06 17:02:13 UTC,71422908,0.00225250,22.52000000,86867079,86867081,True,True
2020/09/06 17:02:14 UTC,71422909,0.00225250,39.27000000,86867082,86867082,True,True
2020/09/06 17:02:14 UTC,71422910,0.00225250,22.51000000,86867083,86867083,True,True
2020/09/06 17:02:14 UTC,71422911,0.00225250,101.83000000,86867084,86867084,True,True
2020/09/06 17:02:14 UTC,71422912,0.00225250,104.18000000,86867085,86867085,True,True
2020/09/06 17:02:14 UTC,71422913,0.00225250,10.00000000,86867086,86867086,True,True
2020/09/06 17:02:14 UTC,71422914,0.00225250,211.60000000,86867087,86867089,True,True
2020/09/06 17:02:14 UTC,71422915,0.00225230,1.07000000,86867090,86867092,True,True
2020/09/06 17:02:14 UTC,71422916,0.00225210,9.05000000,86867093,86867096,True,True
2020/09/06 17:02:14 UTC,71422917,0.00225200,6.30000000,86867097,86867098,True,True
2020/09/06 17:02:14 UTC,71422918,0.00225200,53.72000000,86867099,86867103,True,True
2020/09/06 17:02:14 UTC,71422919,0.00225190,0.29000000,86867104,86867104,True,True
2020/09/06 17:02:14 UTC,71422920,0.00225180,0.25000000,86867105,86867105,True,True
2020/09/06 17:02:14 UTC,71422921,0.00225170,0.18000000,86867106,86867107,True,True
2020/09/06 17:02:14 UTC,71422922,0.00225160,0.06000000,86867108,86867108,True,True
2020/09/06 17:02:14 UTC,71422923,0.00225150,0.65000000,86867109,86867111,True,True
2020/09/06 17:02:14 UTC,71422924,0.00225130,1.76000000,86867112,86867113,True,True
2020/09/06 17:02:14 UTC,71422925,0.00225120,0.56000000,86867114,86867115,True,True
2020/09/06 17:02:14 UTC,71422926,0.00225110,0.20000000,86867116,86867116,True,True
2020/09/06 17:02:14 UTC,71422927,0.00225100,2.00000000,86867117,86867117,True,True
2020/09/06 17:02:14 UTC,71422928,0.00225080,1.06000000,86867118,86867119,True,True
2020/09/06 17:02:14 UTC,71422929,0.00225070,0.07000000,86867120,86867120,True,True
2020/09/06 17:02:14 UTC,71422930,0.00225060,2.90000000,86867121,86867123,True,True
2020/09/06 17:02:14 UTC,71422931,0.00225050,0.57000000,86867124,86867125,True,True
2020/09/06 17:02:14 UTC,71422932,0.00225040,0.25000000,86867126,86867126,True,True
2020/09/06 17:02:14 UTC,71422933,0.00225030,9.21000000,86867127,86867129,True,True
2020/09/06 17:02:14 UTC,71422934,0.00225020,69.27000000,86867130,86867130,True,True
2020/09/06 17:02:14 UTC,71422935,0.00225010,5.31000000,86867131,86867132,True,True
2020/09/06 17:02:14 UTC,71422936,0.00225210,14.98000000,86867133,86867133,False,True
2020/09/06 17:02:14 UTC,71422937,0.00225220,9.08000000,86867134,86867134,False,True
2020/09/06 17:02:14 UTC,71422938,0.00225220,6.42000000,86867135,86867135,False,True
2020/09/06 17:02:14 UTC,71422939,0.00225230,8.56000000,86867136,86867136,False,True
2020/09/06 17:02:14 UTC,71422940,0.00225250,13.00000000,86867137,86867137,False,True
2020/09/06 17:02:14 UTC,71422941,0.00225200,4.84000000,86867138,86867138,False,True
2020/09/06 17:02:14 UTC,71422942,0.00225270,24.61000000,86867139,86867141,False,True
2020/09/06 17:02:14 UTC,71422943,0.00225290,1.74000000,86867142,86867142,False,True
2020/09/06 17:02:14 UTC,71422944,0.00225270,29.18000000,86867143,86867143,False,True
2020/09/06 17:02:14 UTC,71422945,0.00225270,29.18000000,86867144,86867144,False,True
2020/09/06 17:02:14 UTC,71422946,0.00225260,24.35000000,86867145,86867145,False,True
2020/09/06 17:02:14 UTC,71422947,0.00225270,117.48000000,86867146,86867147,False,True
2020/09/06 17:02:14 UTC,71422948,0.00225280,3.14000000,86867148,86867148,False,True
2020/09/06 17:02:14 UTC,71422949,0.00225290,8.12000000,86867149,86867149,False,True
2020/09/06 17:02:14 UTC,71422950,0.00225280,4.77000000,86867150,86867150,False,True
2020/09/06 17:02:14 UTC,71422951,0.00225290,3.14000000,86867151,86867151,False,True
2020/09/06 17:02:14 UTC,71422952,0.00225300,10.28000000,86867152,86867152,False,True
2020/09/06 17:02:15 UTC,71422953,0.00225300,6.08000000,86867153,86867153,False,True
2020/09/06 17:02:15 UTC,71422954,0.00225300,1.83000000,86867154,86867154,False,True
2020/09/06 17:02:16 UTC,71422955,0.00225310,8.87000000,86867155,86867155,True,True
2020/09/06 17:02:16 UTC,71422956,0.00225300,0.42000000,86867156,86867156,True,True
2020/09/06 17:02:16 UTC,71422957,0.00225370,31.01000000,86867157,86867157,False,True
2020/09/06 17:02:17 UTC,71422958,0.00225360,51.14000000,86867158,86867158,False,True
2020/09/06 17:02:17 UTC,71422959,0.00225360,136.65000000,86867159,86867161,False,True
2020/09/06 17:02:17 UTC,71422960,0.00225370,17.63000000,86867162,86867162,False,True
2020/09/06 17:02:17 UTC,71422961,0.00225370,97.95000000,86867163,86867163,False,True
2020/09/06 17:02:17 UTC,71422962,0.00225490,33.76000000,86867164,86867164,False,True
2020/09/06 17:02:17 UTC,71422963,0.00225500,198.17000000,86867165,86867166,False,True
2020/09/06 17:02:17 UTC,71422964,0.00225500,296.80000000,86867167,86867167,False,True
2020/09/06 17:02:17 UTC,71422965,0.00225500,6.03000000,86867168,86867168,False,True
2020/09/06 17:02:18 UTC,71422966,0.00225630,44.20000000,86867169,86867169,False,True
2020/09/06 17:02:18 UTC,71422967,0.00225740,50.80000000,86867170,86867170,False,True
2020/09/06 17:02:18 UTC,71422968,0.00225750,164.13000000,86867171,86867173,False,True
2020/09/06 17:02:18 UTC,71422969,0.00225750,88.58000000,86867174,86867174,False,True
2020/09/06 17:02:18 UTC,71422970,0.00225750,184.16000000,86867175,86867175,False,True
2020/09/06 17:02:18 UTC,71422971,0.00225750,164.13000000,86867176,86867176,False,True
2020/09/06 17:02:18 UTC,71422972,0.00225800,0.72000000,86867177,86867177,False,True
2020/09/06 17:02:18 UTC,71422973,0.00225810,0.25000000,86867178,86867178,False,True
2020/09/06 17:02:18 UTC,71422974,0.00225820,0.25000000,86867179,86867179,False,True
2020/09/06 17:02:18 UTC,71422975,0.00225820,0.07000000,86867180,86867180,False,True
2020/09/06 17:02:19 UTC,71422976,0.00225720,8.85000000,86867181,86867181,True,True
2020/09/06 17:02:19 UTC,71422977,0.00225710,36.27000000,86867182,86867187,True,True
2020/09/06 17:02:19 UTC,71422978,0.00225740,8.85000000,86867188,86867188,True,True
2020/09/06 17:02:19 UTC,71422979,0.00225730,1.28000000,86867189,86867189,True,True
2020/09/06 17:02:19 UTC,71422980,0.00225740,1.23000000,86867190,86867190,True,True
2020/09/06 17:02:19 UTC,71422981,0.00225740,7.62000000,86867191,86867191,True,True
2020/09/06 17:02:19 UTC,71422982,0.00225730,1.23000000,86867192,86867192,True,True
2020/09/06 17:02:19 UTC,71422983,0.00225710,2.25000000,86867193,86867193,True,True
2020/09/06 17:02:19 UTC,71422984,0.00225670,12.96000000,86867194,86867194,True,True
2020/09/06 17:02:20 UTC,71422985,0.00225750,3.13000000,86867195,86867195,True,True
2020/09/06 17:02:21 UTC,71422986,0.00225690,0.05000000,86867196,86867196,True,True
2020/09/06 17:02:21 UTC,71422987,0.00225900,2.22000000,86867197,86867197,False,True
2020/09/06 17:02:21 UTC,71422988,0.00225700,44.93000000,86867198,86867198,True,True
2020/09/06 17:02:22 UTC,71422989,0.00225790,8.85000000,86867199,86867199,True,True
2020/09/06 17:02:22 UTC,71422990,0.00225780,3.92000000,86867200,86867200,True,True
2020/09/06 17:02:22 UTC,71422991,0.00225760,29.96000000,86867201,86867202,True,True
2020/09/06 17:02:22 UTC,71422992,0.00225800,3.92000000,86867203,86867203,True,True
2020/09/06 17:02:22 UTC,71422993,0.00225740,4.28000000,86867204,86867204,True,True
2020/09/06 17:02:22 UTC,71422994,0.00225730,33.69000000,86867205,86867205,True,True
2020/09/06 17:02:22 UTC,71422995,0.00225720,0.53000000,86867206,86867206,True,True
2020/09/06 17:02:22 UTC,71422996,0.00225710,0.53000000,86867207,86867207,True,True
2020/09/06 17:02:22 UTC,71422997,0.00225700,46.97000000,86867208,86867208,True,True
2020/09/06 17:02:22 UTC,71422998,0.00225700,47.50000000,86867209,86867209,True,True
2020/09/06 17:02:23 UTC,71422999,0.00225700,25.38000000,86867210,86867210,True,True
2020/09/06 17:02:24 UTC,71423000,0.00225840,1.79000000,86867211,86867211,False,True
2020/09/06 17:02:27 UTC,71423001,0.00225720,0.07000000,86867212,86867212,False,True
2020/09/06 17:02:28 UTC,71423002,0.00225680,10.00000000,86867213,86867213,False,True
2020/09/06 17:02:29 UTC,71423003,0.00225510,8.86000000,86867214,86867214,True,True
2020/09/06 17:02:29 UTC,71423004,0.00225500,8.38000000,86867215,86867216,True,True
2020/09/06 17:02:29 UTC,71423005,0.00225500,492.62000000,86867217,86867217,True,True
2020/09/06 17:02:30 UTC,71423006,0.00225360,3.00000000,86867218,86867218,True,True
2020/09/06 17:02:30 UTC,71423007,0.00225530,0.11000000,86867219,86867219,False,True
2020/09/06 17:02:30 UTC,71423008,0.00225520,11.96000000,86867220,86867221,False,True
2020/09/06 17:02:30 UTC,71423009,0.00225530,19.15000000,86867222,86867222,False,True
2020/09/06 17:02:30 UTC,71423010,0.00225550,7.49000000,86867223,86867223,False,True
2020/09/06 17:02:30 UTC,71423011,0.00225550,16.61000000,86867224,86867224,True,True
2020/09/06 17:02:30 UTC,71423012,0.00225550,92.67000000,86867225,86867225,True,True
2020/09/06 17:02:35 UTC,71423013,0.00225250,0.19000000,86867226,86867226,True,True
2020/09/06 17:02:35 UTC,71423014,0.00225320,17.71000000,86867227,86867227,False,True
2020/09/06 17:02:35 UTC,71423015,0.00225330,0.73000000,86867228,86867228,False,True
2020/09/06 17:02:36 UTC,71423016,0.00225370,4.28000000,86867229,86867229,False,True
2020/09/06 17:02:38 UTC,71423017,0.00225430,0.58000000,86867230,86867230,False,True
2020/09/06 17:02:39 UTC,71423018,0.00225280,1.00000000,86867231,86867231,True,True
2020/09/06 17:02:43 UTC,71423019,0.00225380,5.35000000,86867232,86867232,False,True
2020/09/06 17:02:43 UTC,71423020,0.00225390,1.01000000,86867233,86867233,False,True
2020/09/06 17:02:43 UTC,71423021,0.00225420,8.14000000,86867234,86867234,False,True
2020/09/06 17:02:43 UTC,71423022,0.00225450,88.76000000,86867235,86867235,False,True
2020/09/06 17:02:43 UTC,71423023,0.00225460,17.17000000,86867236,86867236,False,True
2020/09/06 17:02:43 UTC,71423024,0.00225480,3.63000000,86867237,86867237,False,True
2020/09/06 17:02:43 UTC,71423025,0.00225490,2.75000000,86867238,86867238,False,True
2020/09/06 17:02:43 UTC,71423026,0.00225490,5.00000000,86867239,86867239,False,True
2020/09/06 17:02:43 UTC,71423027,0.00225490,2.09000000,86867240,86867240,False,True
2020/09/06 17:02:43 UTC,71423028,0.00225500,5.00000000,86867241,86867241,False,True
2020/09/06 17:02:44 UTC,71423029,0.00225420,6.64000000,86867242,86867242,True,True
2020/09/06 17:02:44 UTC,71423030,0.00225410,7.81000000,86867243,86867243,True,True
2020/09/06 17:02:45 UTC,71423031,0.00225420,6.64000000,86867244,86867244,True,True
2020/09/06 17:02:45 UTC,71423032,0.00225410,323.19000000,86867245,86867245,True,True
2020/09/06 17:02:45 UTC,71423033,0.00225390,4.17000000,86867246,86867246,True,True
2020/09/06 17:02:45 UTC,71423034,0.00225440,6.64000000,86867247,86867247,True,True
2020/09/06 17:02:45 UTC,71423035,0.00225430,3.00000000,86867248,86867248,True,True
2020/09/06 17:02:45 UTC,71423036,0.00225390,22.94000000,86867249,86867249,True,True
2020/09/06 17:02:50 UTC,71423037,0.00225350,7.10000000,86867250,86867250,True,True
2020/09/06 17:02:54 UTC,71423038,0.00225310,8.20000000,86867251,86867252,True,True
2020/09/06 17:02:55 UTC,71423039,0.00225250,76.64000000,86867253,86867254,True,True
2020/09/06 17:02:55 UTC,71423040,0.00225250,47.50000000,86867255,86867255,True,True
2020/09/06 17:02:55 UTC,71423041,0.00225250,142.50000000,86867256,86867256,True,True
2020/09/06 17:02:58 UTC,71423042,0.00225250,7.94000000,86867257,86867257,True,True
2020/09/06 17:02:58 UTC,71423043,0.00225250,15.96000000,86867258,86867258,True,True
2020/09/06 17:02:58 UTC,71423044,0.00225250,191.67000000,86867259,86867259,True,True
2020/09/06 17:02:58 UTC,71423045,0.00225250,118.60000000,86867260,86867261,True,True
2020/09/06 17:02:58 UTC,71423046,0.00225230,0.06000000,86867262,86867262,True,True
2020/09/06 17:02:58 UTC,71423047,0.00225210,0.66000000,86867263,86867263,True,True
2020/09/06 17:02:58 UTC,71423048,0.00225210,0.06000000,86867264,86867264,True,True
2020/09/06 17:02:58 UTC,71423049,0.00225130,0.44000000,86867265,86867265,True,True
2020/09/06 17:02:58 UTC,71423050,0.00225120,0.32000000,86867266,86867266,True,True
2020/09/06 17:02:58 UTC,71423051,0.00225070,90.00000000,86867267,86867267,True,True
2020/09/06 17:02:59 UTC,71423052,0.00225270,0.62000000,86867268,86867268,False,True
2020/09/06 17:03:01 UTC,71423053,0.00225170,0.15000000,86867269,86867269,False,True
2020/09/06 17:03:01 UTC,71423054,0.00225170,5.87000000,86867270,86867270,False,True
2020/09/06 17:03:01 UTC,71423055,0.00225170,4.41000000,86867271,86867271,False,True
2020/09/06 17:03:05 UTC,71423056,0.00225150,0.09000000,86867272,86867272,False,True
2020/09/06 17:03:05 UTC,71423057,0.00225150,13.19000000,86867273,86867273,False,True
2020/09/06 17:03:06 UTC,71423058,0.00225220,5.09000000,86867274,86867274,False,True
2020/09/06 17:03:06 UTC,71423059,0.00225230,0.53000000,86867275,86867275,False,True
2020/09/06 17:03:06 UTC,71423060,0.00225120,4.96000000,86867276,86867276,False,True
2020/09/06 17:03:07 UTC,71423061,0.00225210,0.35000000,86867277,86867277,False,True
2020/09/06 17:03:07 UTC,71423062,0.00225210,0.15000000,86867278,86867278,False,True
2020/09/06 17:03:08 UTC,71423063,0.00225210,0.32000000,86867279,86867279,False,True
2020/09/06 17:03:09 UTC,71423064,0.00225200,0.25000000,86867280,86867280,False,True
2020/09/06 17:03:10 UTC,71423065,0.00225090,6.66000000,86867281,86867281,True,True
2020/09/06 17:03:10 UTC,71423066,0.00225080,0.23000000,86867282,86867282,True,True
2020/09/06 17:03:10 UTC,71423067,0.00225080,4.87000000,86867283,86867283,True,True
2020/09/06 17:03:10 UTC,71423068,0.00225040,0.25000000,86867284,86867284,True,True
2020/09/06 17:03:10 UTC,71423069,0.00225010,44.53000000,86867285,86867285,True,True
2020/09/06 17:03:10 UTC,71423070,0.00225010,8.82000000,86867286,86867286,True,True
2020/09/06 17:03:10 UTC,71423071,0.00225000,37.10000000,86867287,86867287,True,True
2020/09/06 17:03:10 UTC,71423072,0.00225000,34.63000000,86867288,86867288,True,True
2020/09/06 17:03:10 UTC,71423073,0.00225000,19.81000000,86867289,86867289,True,True
2020/09/06 17:03:10 UTC,71423074,0.00225000,17.17000000,86867290,86867290,True,True
2020/09/06 17:03:10 UTC,71423075,0.00225000,53.35000000,86867291,86867291,True,True
2020/09/06 17:03:10 UTC,71423076,0.00225000,99.97000000,86867292,86867292,True,True
2020/09/06 17:03:10 UTC,71423077,0.00225000,11.76000000,86867293,86867293,True,True
2020/09/06 17:03:10 UTC,71423078,0.00225000,19.44000000,86867294,86867294,True,True
2020/09/06 17:03:10 UTC,71423079,0.00225000,35.42000000,86867295,86867295,True,True
2020/09/06 17:03:10 UTC,71423080,0.00225000,169.67000000,86867296,86867298,True,True
2020/09/06 17:03:10 UTC,71423081,0.00225000,156.23000000,86867299,86867304,True,True
2020/09/06 17:03:10 UTC,71423082,0.00224980,14.36000000,86867305,86867306,True,True
2020/09/06 17:03:10 UTC,71423083,0.00224970,0.08000000,86867307,86867307,True,True
2020/09/06 17:03:10 UTC,71423084,0.00224960,2.72000000,86867308,86867308,True,True
2020/09/06 17:03:10 UTC,71423085,0.00224940,2.22000000,86867309,86867309,True,True
2020/09/06 17:03:10 UTC,71423086,0.00224930,0.39000000,86867310,86867311,True,True
2020/09/06 17:03:10 UTC,71423087,0.00224940,0.13000000,86867312,86867312,False,True
2020/09/06 17:03:10 UTC,71423088,0.00225010,4.43000000,86867313,86867313,False,True
2020/09/06 17:03:10 UTC,71423089,0.00224900,6.43000000,86867314,86867315,True,True
2020/09/06 17:03:10 UTC,71423090,0.00225000,0.11000000,86867316,86867316,False,True
2020/09/06 17:03:10 UTC,71423091,0.00224910,6.66000000,86867317,86867317,True,True
2020/09/06 17:03:10 UTC,71423092,0.00224970,1.67000000,86867318,86867318,False,True
2020/09/06 17:03:10 UTC,71423093,0.00224930,10.16000000,86867319,86867319,True,True
2020/09/06 17:03:10 UTC,71423094,0.00224970,0.25000000,86867320,86867320,False,True
2020/09/06 17:03:10 UTC,71423095,0.00224970,0.31000000,86867321,86867321,False,True
2020/09/06 17:03:11 UTC,71423096,0.00224960,1.48000000,86867322,86867322,False,True
2020/09/06 17:03:11 UTC,71423097,0.00224950,0.24000000,86867323,86867323,False,True
2020/09/06 17:03:11 UTC,71423098,0.00224930,0.11000000,86867324,86867324,False,True
2020/09/06 17:03:11 UTC,71423099,0.00224930,3.17000000,86867325,86867325,False,True
2020/09/06 17:03:11 UTC,71423100,0.00224910,5.41000000,86867326,86867326,True,True
2020/09/06 17:03:12 UTC,71423101,0.00224910,1.25000000,86867327,86867327,True,True
2020/09/06 17:03:12 UTC,71423102,0.00224920,2.87000000,86867328,86867328,False,True
2020/09/06 17:03:12 UTC,71423103,0.00224920,0.25000000,86867329,86867329,False,True
2020/09/06 17:03:12 UTC,71423104,0.00224920,4.34000000,86867330,86867331,False,True
2020/09/06 17:03:12 UTC,71423105,0.00224900,0.57000000,86867332,86867332,True,True
2020/09/06 17:03:13 UTC,71423106,0.00224920,1.35000000,86867333,86867333,False,True
2020/09/06 17:03:13 UTC,71423107,0.00224900,6.74000000,86867334,86867334,True,True
2020/09/06 17:03:13 UTC,71423108,0.00224900,10.00000000,86867335,86867338,True,True
2020/09/06 17:03:13 UTC,71423109,0.00224900,9.38000000,86867339,86867349,True,True
2020/09/06 17:03:13 UTC,71423110,0.00224920,3.95000000,86867350,86867350,False,True
2020/09/06 17:03:13 UTC,71423111,0.00224910,1.48000000,86867351,86867351,False,True
2020/09/06 17:03:14 UTC,71423112,0.00224910,0.58000000,86867352,86867352,False,True
2020/09/06 17:03:14 UTC,71423113,0.00224900,1.74000000,86867353,86867354,True,True
2020/09/06 17:03:14 UTC,71423114,0.00224890,14.00000000,86867355,86867357,True,True
2020/09/06 17:03:14 UTC,71423115,0.00224880,0.17000000,86867358,86867358,True,True
2020/09/06 17:03:14 UTC,71423116,0.00224860,1.25000000,86867359,86867360,True,True
2020/09/06 17:03:14 UTC,71423117,0.00224850,0.09000000,86867361,86867361,True,True
2020/09/06 17:03:14 UTC,71423118,0.00224830,0.74000000,86867362,86867362,True,True
2020/09/06 17:03:14 UTC,71423119,0.00224800,0.01000000,86867363,86867363,True,True
2020/09/06 17:03:14 UTC,71423120,0.00224900,26.24000000,86867364,86867366,False,True
2020/09/06 17:03:14 UTC,71423121,0.00224900,6.66000000,86867367,86867367,False,True
2020/09/06 17:03:15 UTC,71423122,0.00224910,3.27000000,86867368,86867369,False,True
2020/09/06 17:03:15 UTC,71423123,0.00224910,0.45000000,86867370,86867370,False,True
2020/09/06 17:03:15 UTC,71423124,0.00224910,0.45000000,86867371,86867371,False,True
2020/09/06 17:03:15 UTC,71423125,0.00224910,0.45000000,86867372,86867372,False,True
2020/09/06 17:03:15 UTC,71423126,0.00224910,0.45000000,86867373,86867373,False,True
2020/09/06 17:03:15 UTC,71423127,0.00224910,0.45000000,86867374,86867374,False,True
2020/09/06 17:03:15 UTC,71423128,0.00224910,0.45000000,86867375,86867375,False,True
2020/09/06 17:03:15 UTC,71423129,0.00224910,0.45000000,86867376,86867376,False,True
2020/09/06 17:03:15 UTC,71423130,0.00224910,0.45000000,86867377,86867377,False,True
2020/09/06 17:03:15 UTC,71423131,0.00224910,0.45000000,86867378,86867378,False,True
2020/09/06 17:03:15 UTC,71423132,0.00224910,0.45000000,86867379,86867379,False,True
2020/09/06 17:03:15 UTC,71423133,0.00224910,0.45000000,86867380,86867380,False,True
2020/09/06 17:03:15 UTC,71423134,0.00224910,0.45000000,86867381,86867381,False,True
2020/09/06 17:03:15 UTC,71423135,0.00224910,0.45000000,86867382,86867382,False,True
2020/09/06 17:03:15 UTC,71423136,0.00224910,0.45000000,86867383,86867383,False,True
2020/09/06 17:03:15 UTC,71423137,0.00224910,0.45000000,86867384,86867384,False,True
2020/09/06 17:03:15 UTC,71423138,0.00224910,0.45000000,86867385,86867385,False,True
2020/09/06 17:03:15 UTC,71423139,0.00224910,0.45000000,86867386,86867386,False,True
2020/09/06 17:03:15 UTC,71423140,0.00224910,0.45000000,86867387,86867387,False,True
2020/09/06 17:03:15 UTC,71423141,0.00224910,0.45000000,86867388,86867388,False,True
2020/09/06 17:03:15 UTC,71423142,0.00224910,0.45000000,86867389,86867389,False,True
2020/09/06 17:03:15 UTC,71423143,0.00224910,0.45000000,86867390,86867390,False,True
2020/09/06 17:03:15 UTC,71423144,0.00224910,0.45000000,86867391,86867391,False,True
2020/09/06 17:03:15 UTC,71423145,0.00224910,0.45000000,86867392,86867392,False,True
2020/09/06 17:03:15 UTC,71423146,0.00224910,0.45000000,86867393,86867393,False,True
2020/09/06 17:03:15 UTC,71423147,0.00224910,0.45000000,86867394,86867394,False,True
2020/09/06 17:03:15 UTC,71423148,0.00224910,0.45000000,86867395,86867395,False,True
2020/09/06 17:03:15 UTC,71423149,0.00224910,0.45000000,86867396,86867397,False,True
2020/09/06 17:03:15 UTC,71423150,0.00224910,0.45000000,86867398,86867398,False,True
2020/09/06 17:03:15 UTC,71423151,0.00224910,0.45000000,86867399,86867399,False,True
2020/09/06 17:03:15 UTC,71423152,0.00224910,0.45000000,86867400,86867400,False,True
2020/09/06 17:03:15 UTC,71423153,0.00224910,0.45000000,86867401,86867401,False,True
2020/09/06 17:03:15 UTC,71423154,0.00224910,0.45000000,86867402,86867402,False,True
2020/09/06 17:03:15 UTC,71423155,0.00224910,0.45000000,86867403,86867403,False,True
2020/09/06 17:03:15 UTC,71423156,0.00224910,0.45000000,86867404,86867404,False,True
2020/09/06 17:03:15 UTC,71423157,0.00224910,0.45000000,86867405,86867405,False,True
2020/09/06 17:03:15 UTC,71423158,0.00224910,0.45000000,86867406,86867406,False,True
2020/09/06 17:03:15 UTC,71423159,0.00224910,0.45000000,86867407,86867407,False,True
2020/09/06 17:03:15 UTC,71423160,0.00224910,0.45000000,86867408,86867408,False,True
2020/09/06 17:03:15 UTC,71423161,0.00224910,0.45000000,86867409,86867409,False,True
2020/09/06 17:03:15 UTC,71423162,0.00224910,0.45000000,86867410,86867410,False,True
2020/09/06 17:03:15 UTC,71423163,0.00224910,0.45000000,86867411,86867411,False,True
2020/09/06 17:03:15 UTC,71423164,0.00224910,0.45000000,86867412,86867412,False,True
2020/09/06 17:03:15 UTC,71423165,0.00224910,0.45000000,86867413,86867413,False,True
2020/09/06 17:03:15 UTC,71423166,0.00224910,0.45000000,86867414,86867414,False,True
2020/09/06 17:03:15 UTC,71423167,0.00224910,0.45000000,86867415,86867415,False,True
2020/09/06 17:03:15 UTC,71423168,0.00224910,2.56000000,86867416,86867416,False,True
2020/09/06 17:03:15 UTC,71423169,0.00224920,4.39000000,86867417,86867417,False,True
2020/09/06 17:03:17 UTC,71423170,0.00224810,6.66000000,86867418,86867418,True,True
2020/09/06 17:03:17 UTC,71423171,0.00224930,6.66000000,86867419,86867419,False,True
2020/09/06 17:03:17 UTC,71423172,0.00224940,3.34000000,86867420,86867420,False,True
2020/09/06 17:03:18 UTC,71423173,0.00224970,1.46000000,86867421,86867421,False,True
2020/09/06 17:03:24 UTC,71423174,0.00224910,0.40000000,86867422,86867422,True,True
2020/09/06 17:03:25 UTC,71423175,0.00224990,0.40000000,86867423,86867423,False,True
2020/09/06 17:03:25 UTC,71423176,0.00225000,0.10000000,86867424,86867424,False,True
2020/09/06 17:03:25 UTC,71423177,0.00224910,0.05000000,86867425,86867425,True,True
2020/09/06 17:03:25 UTC,71423178,0.00224910,0.05000000,86867426,86867426,True,True
2020/09/06 17:03:26 UTC,71423179,0.00224910,0.51000000,86867427,86867427,True,True
2020/09/06 17:03:26 UTC,71423180,0.00224910,0.05000000,86867428,86867428,True,True
2020/09/06 17:03:26 UTC,71423181,0.00224910,0.05000000,86867429,86867429,True,True
2020/09/06 17:03:27 UTC,71423182,0.00224910,0.05000000,86867430,86867430,True,True
2020/09/06 17:03:27 UTC,71423183,0.00224910,0.05000000,86867431,86867431,True,True
2020/09/06 17:03:28 UTC,71423184,0.00224930,0.05000000,86867432,86867432,True,True
2020/09/06 17:03:28 UTC,71423185,0.00224990,0.05000000,86867433,86867433,False,True
2020/09/06 17:03:28 UTC,71423186,0.00225000,5.00000000,86867434,86867434,False,True
2020/09/06 17:03:28 UTC,71423187,0.00225010,3.10000000,86867435,86867435,False,True
2020/09/06 17:03:28 UTC,71423188,0.00225010,5.05000000,86867436,86867436,False,True
2020/09/06 17:03:28 UTC,71423189,0.00225020,18.38000000,86867437,86867438,False,True
2020/09/06 17:03:28 UTC,71423190,0.00225020,5.05000000,86867439,86867440,False,True
2020/09/06 17:03:28 UTC,71423191,0.00225010,0.81000000,86867441,86867441,False,True
2020/09/06 17:03:31 UTC,71423192,0.00225130,2.63000000,86867442,86867442,False,True
2020/09/06 17:03:32 UTC,71423193,0.00225010,6.66000000,86867443,86867443,True,True
2020/09/06 17:03:32 UTC,71423194,0.00225000,2.63000000,86867444,86867444,True,True
2020/09/06 17:03:32 UTC,71423195,0.00224950,8.15000000,86867445,86867445,True,True
2020/09/06 17:03:32 UTC,71423196,0.00224920,0.10000000,86867446,86867446,True,True
2020/09/06 17:03:32 UTC,71423197,0.00224860,64.69000000,86867447,86867447,True,True
2020/09/06 17:03:32 UTC,71423198,0.00225110,6.66000000,86867448,86867448,False,True
2020/09/06 17:03:32 UTC,71423199,0.00225130,4.46000000,86867449,86867449,False,True
2020/09/06 17:03:32 UTC,71423200,0.00225170,3.87000000,86867450,86867451,False,True
2020/09/06 17:03:32 UTC,71423201,0.00225190,7.82000000,86867452,86867452,True,True
2020/09/06 17:03:32 UTC,71423202,0.00225190,16.01000000,86867453,86867453,True,True
2020/09/06 17:03:32 UTC,71423203,0.00225190,6.34000000,86867454,86867454,True,True
2020/09/06 17:03:33 UTC,71423204,0.00225170,14.98000000,86867455,86867455,False,True
2020/09/06 17:03:33 UTC,71423205,0.00225210,3.20000000,86867456,86867457,False,True
2020/09/06 17:03:33 UTC,71423206,0.00225210,0.20000000,86867458,86867458,False,True
2020/09/06 17:03:35 UTC,71423207,0.00225240,1.71000000,86867459,86867459,False,True
2020/09/06 17:03:36 UTC,71423208,0.00225240,1.34000000,86867460,86867460,False,True
2020/09/06 17:03:37 UTC,71423209,0.00225240,0.54000000,86867461,86867461,False,True
2020/09/06 17:03:37 UTC,71423210,0.00225250,44.74000000,86867462,86867463,False,True
2020/09/06 17:03:38 UTC,71423211,0.00225200,16.01000000,86867464,86867464,True,True
2020/09/06 17:03:38 UTC,71423212,0.00225200,6.26000000,86867465,86867465,True,True
2020/09/06 17:03:39 UTC,71423213,0.00225230,0.69000000,86867466,86867466,False,True
2020/09/06 17:03:39 UTC,71423214,0.00225230,0.16000000,86867467,86867467,False,True
2020/09/06 17:03:39 UTC,71423215,0.00225200,6.76000000,86867468,86867468,True,True
2020/09/06 17:03:40 UTC,71423216,0.00225200,25.00000000,86867469,86867469,True,True
2020/09/06 17:03:41 UTC,71423217,0.00225200,6.54000000,86867470,86867470,True,True
2020/09/06 17:03:41 UTC,71423218,0.00225190,6.65000000,86867471,86867471,True,True
2020/09/06 17:03:42 UTC,71423219,0.00225190,0.35000000,86867472,86867472,False,True
2020/09/06 17:03:43 UTC,71423220,0.00225190,14.73000000,86867473,86867474,False,True
2020/09/06 17:03:44 UTC,71423221,0.00225210,6.65000000,86867475,86867475,False,True
2020/09/06 17:03:44 UTC,71423222,0.00225230,0.65000000,86867476,86867476,False,True
2020/09/06 17:03:44 UTC,71423223,0.00225230,6.65000000,86867477,86867477,False,True
2020/09/06 17:03:44 UTC,71423224,0.00225250,456.26000000,86867478,86867478,False,True
2020/09/06 17:03:44 UTC,71423225,0.00225320,3.17000000,86867479,86867479,False,True
2020/09/06 17:03:46 UTC,71423226,0.00225350,0.72000000,86867480,86867480,False,True
2020/09/06 17:03:47 UTC,71423227,0.00225370,2.53000000,86867481,86867481,False,True
2020/09/06 17:03:47 UTC,71423228,0.00225410,0.86000000,86867482,86867482,False,True
2020/09/06 17:03:47 UTC,71423229,0.00225410,2.76000000,86867483,86867483,False,True
2020/09/06 17:03:48 UTC,71423230,0.00225420,0.18000000,86867484,86867484,False,True
2020/09/06 17:03:51 UTC,71423231,0.00225420,3.18000000,86867485,86867485,False,True
2020/09/06 17:03:52 UTC,71423232,0.00225320,1.38000000,86867486,86867486,True,True
2020/09/06 17:03:53 UTC,71423233,0.00225340,4.00000000,86867487,86867487,True,True
2020/09/06 17:03:54 UTC,71423234,0.00225410,0.60000000,86867488,86867488,False,True
2020/09/06 17:04:02 UTC,71423235,0.00225340,2.65000000,86867489,86867489,True,True
2020/09/06 17:04:02 UTC,71423236,0.00225320,0.05000000,86867490,86867490,True,True
2020/09/06 17:04:02 UTC,71423237,0.00225270,5.10000000,86867491,86867491,True,True
2020/09/06 17:04:02 UTC,71423238,0.00225200,2.20000000,86867492,86867492,True,True
2020/09/06 17:04:08 UTC,71423239,0.00225360,0.77000000,86867493,86867493,False,True
2020/09/06 17:04:08 UTC,71423240,0.00225380,7.73000000,86867494,86867495,False,True
2020/09/06 17:04:08 UTC,71423241,0.00225420,98.76000000,86867496,86867497,False,True
2020/09/06 17:04:08 UTC,71423242,0.00225440,0.05000000,86867498,86867498,False,True
2020/09/06 17:04:08 UTC,71423243,0.00225450,4.65000000,86867499,86867500,False,True
2020/09/06 17:04:08 UTC,71423244,0.00225460,5.88000000,86867501,86867501,False,True
2020/09/06 17:04:08 UTC,71423245,0.00225460,11.47000000,86867502,86867502,False,True
2020/09/06 17:04:08 UTC,71423246,0.00225430,0.37000000,86867503,86867503,False,True
2020/09/06 17:04:08 UTC,71423247,0.00225430,6.29000000,86867504,86867504,False,True
2020/09/06 17:04:08 UTC,71423248,0.00225440,10.00000000,86867505,86867505,False,True
2020/09/06 17:04:08 UTC,71423249,0.00225450,29.77000000,86867506,86867506,False,True
2020/09/06 17:04:08 UTC,71423250,0.00225460,6.22000000,86867507,86867507,False,True
2020/09/06 17:04:10 UTC,71423251,0.00225460,44.83000000,86867508,86867508,False,True
2020/09/06 17:04:10 UTC,71423252,0.00225460,4.08000000,86867509,86867509,False,True
2020/09/06 17:04:10 UTC,71423253,0.00225470,1.83000000,86867510,86867510,False,True
2020/09/06 17:04:10 UTC,71423254,0.00225500,509.30000000,86867511,86867514,False,True
2020/09/06 17:04:10 UTC,71423255,0.00225500,101.02000000,86867515,86867516,False,True
2020/09/06 17:04:10 UTC,71423256,0.00225550,38.20000000,86867517,86867518,False,True
2020/09/06 17:04:10 UTC,71423257,0.00225560,100.32000000,86867519,86867520,False,True
2020/09/06 17:04:10 UTC,71423258,0.00225570,3.68000000,86867521,86867521,False,True
2020/09/06 17:04:10 UTC,71423259,0.00225600,0.56000000,86867522,86867522,False,True
2020/09/06 17:04:10 UTC,71423260,0.00225610,4.32000000,86867523,86867523,False,True
2020/09/06 17:04:10 UTC,71423261,0.00225640,3.57000000,86867524,86867524,False,True
2020/09/06 17:04:10 UTC,71423262,0.00225670,16.37000000,86867525,86867527,False,True
2020/09/06 17:04:10 UTC,71423263,0.00225690,2.87000000,86867528,86867528,False,True
2020/09/06 17:04:10 UTC,71423264,0.00225580,1.45000000,86867529,86867529,False,True
2020/09/06 17:04:10 UTC,71423265,0.00225700,0.57000000,86867530,86867532,False,True
2020/09/06 17:04:10 UTC,71423266,0.00225710,44.07000000,86867533,86867534,False,True
2020/09/06 17:04:10 UTC,71423267,0.00225720,31.67000000,86867535,86867537,False,True
2020/09/06 17:04:10 UTC,71423268,0.00225720,0.45000000,86867538,86867538,False,True
2020/09/06 17:04:10 UTC,71423269,0.00225650,4.00000000,86867539,86867539,False,True
2020/09/06 17:04:10 UTC,71423270,0.00225650,6.19000000,86867540,86867540,False,True
2020/09/06 17:04:10 UTC,71423271,0.00225650,34.31000000,86867541,86867541,False,True
2020/09/06 17:04:10 UTC,71423272,0.00225650,47.92000000,86867542,86867542,False,True
2020/09/06 17:04:11 UTC,71423273,0.00225720,0.12000000,86867543,86867543,False,True
2020/09/06 17:04:11 UTC,71423274,0.00225730,4.38000000,86867544,86867544,False,True
2020/09/06 17:04:11 UTC,71423275,0.00225740,30.00000000,86867545,86867545,False,True
2020/09/06 17:04:11 UTC,71423276,0.00225750,47.50000000,86867546,86867547,False,True
2020/09/06 17:04:11 UTC,71423277,0.00225750,47.50000000,86867548,86867548,False,True
2020/09/06 17:04:12 UTC,71423278,0.00225750,14.83000000,86867549,86867550,False,True
2020/09/06 17:04:13 UTC,71423279,0.00225750,29.99000000,86867551,86867551,False,True
2020/09/06 17:04:13 UTC,71423280,0.00225750,2.21000000,86867552,86867552,False,True
2020/09/06 17:04:13 UTC,71423281,0.00225750,20.00000000,86867553,86867553,False,True
2020/09/06 17:04:13 UTC,71423282,0.00225750,5.32000000,86867554,86867554,False,True
2020/09/06 17:04:14 UTC,71423283,0.00225740,1.99000000,86867555,86867555,False,True
2020/09/06 17:04:14 UTC,71423284,0.00225750,0.22000000,86867556,86867556,False,True
2020/09/06 17:04:14 UTC,71423285,0.00225750,2.21000000,86867557,86867557,False,True
2020/09/06 17:04:15 UTC,71423286,0.00225700,2.14000000,86867558,86867558,True,True
2020/09/06 17:04:15 UTC,71423287,0.00225690,6.64000000,86867559,86867559,True,True
2020/09/06 17:04:15 UTC,71423288,0.00225530,13.00000000,86867560,86867560,True,True
2020/09/06 17:04:15 UTC,71423289,0.00225510,29.33000000,86867561,86867561,True,True
2020/09/06 17:04:16 UTC,71423290,0.00225740,2.21000000,86867562,86867562,False,True
2020/09/06 17:04:16 UTC,71423291,0.00225740,4.43000000,86867563,86867563,False,True
2020/09/06 17:04:16 UTC,71423292,0.00225750,25.56000000,86867564,86867564,False,True
2020/09/06 17:04:16 UTC,71423293,0.00225750,20.00000000,86867565,86867565,False,True
2020/09/06 17:04:18 UTC,71423294,0.00225650,6.64000000,86867566,86867566,True,True
2020/09/06 17:04:18 UTC,71423295,0.00225620,2.14000000,86867567,86867567,True,True
2020/09/06 17:04:18 UTC,71423296,0.00225610,5.61000000,86867568,86867568,True,True
2020/09/06 17:04:18 UTC,71423297,0.00225750,14.39000000,86867569,86867569,False,True
2020/09/06 17:04:19 UTC,71423298,0.00225740,2.21000000,86867570,86867570,False,True
2020/09/06 17:04:19 UTC,71423299,0.00225740,4.43000000,86867571,86867571,False,True
2020/09/06 17:04:19 UTC,71423300,0.00225750,22.97000000,86867572,86867572,False,True
2020/09/06 17:04:21 UTC,71423301,0.00225660,1.48000000,86867573,86867573,True,True
2020/09/06 17:04:22 UTC,71423302,0.00225750,27.40000000,86867574,86867574,False,True
2020/09/06 17:04:23 UTC,71423303,0.00225660,0.05000000,86867575,86867575,True,True
2020/09/06 17:04:23 UTC,71423304,0.00225740,0.05000000,86867576,86867576,False,True
2020/09/06 17:04:23 UTC,71423305,0.00225740,0.65000000,86867577,86867577,False,True
2020/09/06 17:04:26 UTC,71423306,0.00225660,5.11000000,86867578,86867578,True,True
2020/09/06 17:04:26 UTC,71423307,0.00225640,13.00000000,86867579,86867579,True,True
2020/09/06 17:04:26 UTC,71423308,0.00225630,10.00000000,86867580,86867580,True,True
2020/09/06 17:04:26 UTC,71423309,0.00225650,6.64000000,86867581,86867581,True,True
2020/09/06 17:04:26 UTC,71423310,0.00225640,10.00000000,86867582,86867582,True,True
2020/09/06 17:04:26 UTC,71423311,0.00225630,2.89000000,86867583,86867583,True,True
2020/09/06 17:04:26 UTC,71423312,0.00225630,7.11000000,86867584,86867584,True,True
2020/09/06 17:04:26 UTC,71423313,0.00225640,6.64000000,86867585,86867585,True,True
2020/09/06 17:04:26 UTC,71423314,0.00225630,2.89000000,86867586,86867586,True,True
2020/09/06 17:04:26 UTC,71423315,0.00225700,0.07000000,86867587,86867587,False,True
2020/09/06 17:04:26 UTC,71423316,0.00225540,7.09000000,86867588,86867588,True,True
2020/09/06 17:04:26 UTC,71423317,0.00225660,3.41000000,86867589,86867589,False,True
2020/09/06 17:04:26 UTC,71423318,0.00225500,1.00000000,86867590,86867590,True,True
2020/09/06 17:04:28 UTC,71423319,0.00225500,179.10000000,86867591,86867591,True,True
2020/09/06 17:04:31 UTC,71423320,0.00225390,1.10000000,86867592,86867592,False,True
2020/09/06 17:04:31 UTC,71423321,0.00225340,13.25000000,86867593,86867594,True,True
2020/09/06 17:04:32 UTC,71423322,0.00225390,5.81000000,86867595,86867596,False,True
2020/09/06 17:04:32 UTC,71423323,0.00225400,4.28000000,86867597,86867597,False,True
2020/09/06 17:04:32 UTC,71423324,0.00225380,8.15000000,86867598,86867598,False,True
2020/09/06 17:04:32 UTC,71423325,0.00225410,18.44000000,86867599,86867599,False,True
2020/09/06 17:04:32 UTC,71423326,0.00225420,32.10000000,86867600,86867607,False,True
2020/09/06 17:04:34 UTC,71423327,0.00225520,3.00000000,86867608,86867608,False,True
2020/09/06 17:04:36 UTC,71423328,0.00225310,6.65000000,86867609,86867609,True,True
2020/09/06 17:04:36 UTC,71423329,0.00225300,0.52000000,86867610,86867610,True,True
2020/09/06 17:04:36 UTC,71423330,0.00225260,12.81000000,86867611,86867611,True,True
2020/09/06 17:04:37 UTC,71423331,0.00225470,2.00000000,86867612,86867612,False,True
2020/09/06 17:04:37 UTC,71423332,0.00225470,4.65000000,86867613,86867613,False,True
2020/09/06 17:04:37 UTC,71423333,0.00225480,2.14000000,86867614,86867614,False,True
2020/09/06 17:04:37 UTC,71423334,0.00225500,6.42000000,86867615,86867616,False,True
2020/09/06 17:04:37 UTC,71423335,0.00225530,9.94000000,86867617,86867617,False,True
2020/09/06 17:04:38 UTC,71423336,0.00225270,0.89000000,86867618,86867618,True,True
2020/09/06 17:04:40 UTC,71423337,0.00225290,6.65000000,86867619,86867619,True,True
2020/09/06 17:04:40 UTC,71423338,0.00225280,88.74000000,86867620,86867620,True,True
2020/09/06 17:04:40 UTC,71423339,0.00225270,9.11000000,86867621,86867621,True,True
2020/09/06 17:04:40 UTC,71423340,0.00225260,79.61000000,86867622,86867622,True,True
2020/09/06 17:04:40 UTC,71423341,0.00225250,458.85000000,86867623,86867624,True,True
2020/09/06 17:04:40 UTC,71423342,0.00225260,6.65000000,86867625,86867625,True,True
2020/09/06 17:04:40 UTC,71423343,0.00225250,22.62000000,86867626,86867626,True,True
2020/09/06 17:04:40 UTC,71423344,0.00225510,6.65000000,86867627,86867627,False,True
2020/09/06 17:04:40 UTC,71423345,0.00225520,5.09000000,86867628,86867628,False,True
2020/09/06 17:04:42 UTC,71423346,0.00225400,0.25000000,86867629,86867630,True,True
2020/09/06 17:04:43 UTC,71423347,0.00225280,6.65000000,86867631,86867631,True,True
2020/09/06 17:04:43 UTC,71423348,0.00225270,8.25000000,86867632,86867632,True,True
2020/09/06 17:04:43 UTC,71423349,0.00225250,14.37000000,86867633,86867633,True,True
2020/09/06 17:04:49 UTC,71423350,0.00225350,4.00000000,86867634,86867634,False,True
2020/09/06 17:04:50 UTC,71423351,0.00225300,6.75000000,86867635,86867635,True,True
2020/09/06 17:04:50 UTC,71423352,0.00225350,2.65000000,86867636,86867636,False,True
2020/09/06 17:04:50 UTC,71423353,0.00225390,1.35000000,86867637,86867637,False,True
2020/09/06 17:04:50 UTC,71423354,0.00225310,0.37000000,86867638,86867638,True,True
2020/09/06 17:04:53 UTC,71423355,0.00225370,1.00000000,86867639,86867639,False,True
2020/09/06 17:04:53 UTC,71423356,0.00225370,24.24000000,86867640,86867640,False,True
2020/09/06 17:04:54 UTC,71423357,0.00225370,0.78000000,86867641,86867641,False,True
2020/09/06 17:04:59 UTC,71423358,0.00225310,0.05000000,86867642,86867642,True,True
2020/09/06 17:04:59 UTC,71423359,0.00225310,0.05000000,86867643,86867643,True,True
2020/09/06 17:04:59 UTC,71423360,0.00225310,6.18000000,86867644,86867644,True,True
2020/09/06 17:04:59 UTC,71423361,0.00225300,1.40000000,86867645,86867645,True,True
2020/09/06 17:04:59 UTC,71423362,0.00225290,2.79000000,86867646,86867646,True,True
2020/09/06 17:05:00 UTC,71423363,0.00225260,0.05000000,86867647,86867647,True,True
2020/09/06 17:05:00 UTC,71423364,0.00225350,52.22000000,86867648,86867648,False,True
2020/09/06 17:05:00 UTC,71423365,0.00225260,0.05000000,86867649,86867649,True,True
2020/09/06 17:05:01 UTC,71423366,0.00225260,0.05000000,86867650,86867650,True,True
2020/09/06 17:05:01 UTC,71423367,0.00225260,6.50000000,86867651,86867651,True,True
2020/09/06 17:05:01 UTC,71423368,0.00225250,105.16000000,86867652,86867653,True,True
2020/09/06 17:05:01 UTC,71423369,0.00225200,257.87000000,86867654,86867654,True,True
2020/09/06 17:05:01 UTC,71423370,0.00225320,3.51000000,86867655,86867655,False,True
2020/09/06 17:05:01 UTC,71423371,0.00225200,0.05000000,86867656,86867656,True,True
2020/09/06 17:05:02 UTC,71423372,0.00225200,80.58000000,86867657,86867657,True,True
2020/09/06 17:05:02 UTC,71423373,0.00225200,10.46000000,86867658,86867658,True,True
2020/09/06 17:05:02 UTC,71423374,0.00225200,0.05000000,86867659,86867659,True,True
2020/09/06 17:05:02 UTC,71423375,0.00225200,19.23000000,86867660,86867660,True,True
2020/09/06 17:05:03 UTC,71423376,0.00225200,45.03000000,86867661,86867661,True,True
2020/09/06 17:05:03 UTC,71423377,0.00225200,95.00000000,86867662,86867662,True,True
2020/09/06 17:05:03 UTC,71423378,0.00225200,0.05000000,86867663,86867663,True,True
2020/09/06 17:05:03 UTC,71423379,0.00225200,63.53000000,86867664,86867664,True,True
2020/09/06 17:05:03 UTC,71423380,0.00225200,15.97000000,86867665,86867665,True,True
2020/09/06 17:05:03 UTC,71423381,0.00225200,3.11000000,86867666,86867666,True,True
2020/09/06 17:05:03 UTC,71423382,0.00225200,0.05000000,86867667,86867667,True,True
2020/09/06 17:05:04 UTC,71423383,0.00225200,75.82000000,86867668,86867668,True,True
2020/09/06 17:05:04 UTC,71423384,0.00225130,2.12000000,86867669,86867669,True,True
2020/09/06 17:05:04 UTC,71423385,0.00225020,0.05000000,86867670,86867670,True,True
2020/09/06 17:05:05 UTC,71423386,0.00225020,9.95000000,86867671,86867671,True,True
2020/09/06 17:05:05 UTC,71423387,0.00225180,0.32000000,86867672,86867672,False,True
2020/09/06 17:05:06 UTC,71423388,0.00225020,5.10000000,86867673,86867673,True,True
2020/09/06 17:05:06 UTC,71423389,0.00225000,4.90000000,86867674,86867675,True,True
2020/09/06 17:05:07 UTC,71423390,0.00225010,1.00000000,86867676,86867676,True,True
2020/09/06 17:05:08 UTC,71423391,0.00225080,2.82000000,86867677,86867677,False,True
2020/09/06 17:05:08 UTC,71423392,0.00225090,3.70000000,86867678,86867678,False,True
2020/09/06 17:05:08 UTC,71423393,0.00225080,10.48000000,86867679,86867679,False,True
2020/09/06 17:05:08 UTC,71423394,0.00225080,2.82000000,86867680,86867680,False,True
2020/09/06 17:05:09 UTC,71423395,0.00225090,1.40000000,86867681,86867681,False,True
2020/09/06 17:05:09 UTC,71423396,0.00225230,0.06000000,86867682,86867682,False,True
2020/09/06 17:05:10 UTC,71423397,0.00225030,6.66000000,86867683,86867683,True,True
2020/09/06 17:05:10 UTC,71423398,0.00225020,14.32000000,86867684,86867684,True,True
2020/09/06 17:05:10 UTC,71423399,0.00225030,6.66000000,86867685,86867685,True,True
2020/09/06 17:05:10 UTC,71423400,0.00225020,38.39000000,86867686,86867686,True,True
2020/09/06 17:05:10 UTC,71423401,0.00225020,20.34000000,86867687,86867687,True,True
2020/09/06 17:05:12 UTC,71423402,0.00225030,2.14000000,86867688,86867688,True,True
2020/09/06 17:05:14 UTC,71423403,0.00225030,4.52000000,86867689,86867689,True,True
2020/09/06 17:05:14 UTC,71423404,0.00225020,8.24000000,86867690,86867690,True,True
2020/09/06 17:05:14 UTC,71423405,0.00225090,6.66000000,86867691,86867691,False,True
2020/09/06 17:05:14 UTC,71423406,0.00225100,13.00000000,86867692,86867692,False,True
2020/09/06 17:05:15 UTC,71423407,0.00225030,6.66000000,86867693,86867693,True,True
2020/09/06 17:05:15 UTC,71423408,0.00225020,2.40000000,86867694,86867694,True,True
2020/09/06 17:05:15 UTC,71423409,0.00225130,0.74000000,86867695,86867695,False,True
2020/09/06 17:05:17 UTC,71423410,0.00225130,1.34000000,86867696,86867696,False,True
2020/09/06 17:05:19 UTC,71423411,0.00225110,11.24000000,86867697,86867697,False,True
2020/09/06 17:05:19 UTC,71423412,0.00225120,51.16000000,86867698,86867698,False,True
2020/09/06 17:05:19 UTC,71423413,0.00225110,6.66000000,86867699,86867699,False,True
2020/09/06 17:05:19 UTC,71423414,0.00225120,51.16000000,86867700,86867700,False,True
2020/09/06 17:05:20 UTC,71423415,0.00225120,51.16000000,86867701,86867701,False,True
2020/09/06 17:05:20 UTC,71423416,0.00225120,34.50000000,86867702,86867702,False,True
2020/09/06 17:05:20 UTC,71423417,0.00225190,11.30000000,86867703,86867703,False,True
2020/09/06 17:05:20 UTC,71423418,0.00225220,7.82000000,86867704,86867704,False,True
2020/09/06 17:05:20 UTC,71423419,0.00225220,0.33000000,86867705,86867705,False,True
2020/09/06 17:05:20 UTC,71423420,0.00225210,10.17000000,86867706,86867706,False,True
2020/09/06 17:05:20 UTC,71423421,0.00225220,10.17000000,86867707,86867707,False,True
2020/09/06 17:05:20 UTC,71423422,0.00225100,6.65000000,86867708,86867708,True,True
2020/09/06 17:05:20 UTC,71423423,0.00225090,1.81000000,86867709,86867709,True,True
2020/09/06 17:05:20 UTC,71423424,0.00225080,12.10000000,86867710,86867711,True,True
2020/09/06 17:05:20 UTC,71423425,0.00225050,4.68000000,86867712,86867712,True,True
2020/09/06 17:05:20 UTC,71423426,0.00225220,0.53000000,86867713,86867713,False,True
2020/09/06 17:05:22 UTC,71423427,0.00225220,0.38000000,86867714,86867714,False,True
2020/09/06 17:05:28 UTC,71423428,0.00225220,0.19000000,86867715,86867715,False,True
2020/09/06 17:05:31 UTC,71423429,0.00225160,0.42000000,86867716,86867716,True,True
2020/09/06 17:05:34 UTC,71423430,0.00225220,0.10000000,86867717,86867717,False,True
2020/09/06 17:05:39 UTC,71423431,0.00225160,6.20000000,86867718,86867718,True,True
2020/09/06 17:05:39 UTC,71423432,0.00225160,0.04000000,86867719,86867719,True,True
2020/09/06 17:05:39 UTC,71423433,0.00225120,7.77000000,86867720,86867720,True,True
2020/09/06 17:05:39 UTC,71423434,0.00225070,6.66000000,86867721,86867721,True,True
2020/09/06 17:05:39 UTC,71423435,0.00225020,18.81000000,86867722,86867722,True,True
2020/09/06 17:05:39 UTC,71423436,0.00225020,19.93000000,86867723,86867723,True,True
2020/09/06 17:05:39 UTC,71423437,0.00225020,43.25000000,86867724,86867724,True,True
2020/09/06 17:05:41 UTC,71423438,0.00225130,0.17000000,86867725,86867725,False,True
2020/09/06 17:05:41 UTC,71423439,0.00225020,22.49000000,86867726,86867727,True,True
2020/09/06 17:05:41 UTC,71423440,0.00225020,12.18000000,86867728,86867728,True,True
2020/09/06 17:05:41 UTC,71423441,0.00225010,0.33000000,86867729,86867729,True,True
2020/09/06 17:05:41 UTC,71423442,0.00225000,30.78000000,86867730,86867730,True,True
2020/09/06 17:05:42 UTC,71423443,0.00225000,2.00000000,86867731,86867731,True,True
2020/09/06 17:05:42 UTC,71423444,0.00225000,89.97000000,86867732,86867732,True,True
2020/09/06 17:05:42 UTC,71423445,0.00225000,0.09000000,86867733,86867733,True,True
2020/09/06 17:05:42 UTC,71423446,0.00225000,39.10000000,86867734,86867734,True,True
2020/09/06 17:05:42 UTC,71423447,0.00225000,0.09000000,86867735,86867735,True,True
2020/09/06 17:05:42 UTC,71423448,0.00225000,3.28000000,86867736,86867736,True,True
2020/09/06 17:05:42 UTC,71423449,0.00225000,25.00000000,86867737,86867737,True,True
2020/09/06 17:05:42 UTC,71423450,0.00225000,98.08000000,86867738,86867738,True,True
2020/09/06 17:05:42 UTC,71423451,0.00225000,124.66000000,86867739,86867739,True,True
2020/09/06 17:05:42 UTC,71423452,0.00225000,427.86000000,86867740,86867742,True,True
2020/09/06 17:05:42 UTC,71423453,0.00225000,138.97000000,86867743,86867743,True,True
2020/09/06 17:05:42 UTC,71423454,0.00224860,0.32000000,86867744,86867744,True,True
2020/09/06 17:05:42 UTC,71423455,0.00224850,0.09000000,86867745,86867745,True,True
2020/09/06 17:05:42 UTC,71423456,0.00224800,3.05000000,86867746,86867748,True,True
2020/09/06 17:05:42 UTC,71423457,0.00224790,42.68000000,86867749,86867751,True,True
2020/09/06 17:05:43 UTC,71423458,0.00225070,5.28000000,86867752,86867752,False,True
2020/09/06 17:05:43 UTC,71423459,0.00225080,4.72000000,86867753,86867753,False,True
2020/09/06 17:05:43 UTC,71423460,0.00225080,2.37000000,86867754,86867754,False,True
2020/09/06 17:05:43 UTC,71423461,0.00225100,13.41000000,86867755,86867755,False,True
2020/09/06 17:05:43 UTC,71423462,0.00224820,6.66000000,86867756,86867756,True,True
2020/09/06 17:05:43 UTC,71423463,0.00224810,7.10000000,86867757,86867757,True,True
2020/09/06 17:05:43 UTC,71423464,0.00224790,5.10000000,86867758,86867758,True,True
2020/09/06 17:05:43 UTC,71423465,0.00224780,21.14000000,86867759,86867761,True,True
2020/09/06 17:05:44 UTC,71423466,0.00224780,2.00000000,86867762,86867762,True,True
2020/09/06 17:05:44 UTC,71423467,0.00224890,1.02000000,86867763,86867763,False,True
2020/09/06 17:05:45 UTC,71423468,0.00224780,7.39000000,86867764,86867764,True,True
2020/09/06 17:05:46 UTC,71423469,0.00224830,0.07000000,86867765,86867765,False,True
2020/09/06 17:05:46 UTC,71423470,0.00224830,7.82000000,86867766,86867767,False,True
2020/09/06 17:05:46 UTC,71423471,0.00224830,5.80000000,86867768,86867768,False,True
2020/09/06 17:05:46 UTC,71423472,0.00224840,47.50000000,86867769,86867770,False,True
2020/09/06 17:05:46 UTC,71423473,0.00224840,47.50000000,86867771,86867771,False,True
2020/09/06 17:05:46 UTC,71423474,0.00224820,4.28000000,86867772,86867772,False,True
2020/09/06 17:05:46 UTC,71423475,0.00224830,6.66000000,86867773,86867773,False,True
2020/09/06 17:05:46 UTC,71423476,0.00224840,17.76000000,86867774,86867774,False,True
2020/09/06 17:05:46 UTC,71423477,0.00224840,12.84000000,86867775,86867775,False,True
2020/09/06 17:05:47 UTC,71423478,0.00224840,45.60000000,86867776,86867776,False,True
2020/09/06 17:05:47 UTC,71423479,0.00224860,12.84000000,86867777,86867778,False,True
2020/09/06 17:05:48 UTC,71423480,0.00225000,75.00000000,86867779,86867779,False,True
2020/09/06 17:05:48 UTC,71423481,0.00225000,125.00000000,86867780,86867780,False,True
2020/09/06 17:05:48 UTC,71423482,0.00225000,336.62000000,86867781,86867781,False,True
2020/09/06 17:05:49 UTC,71423483,0.00225020,157.32000000,86867782,86867782,False,True
2020/09/06 17:05:50 UTC,71423484,0.00225080,4.00000000,86867783,86867783,False,True
2020/09/06 17:05:53 UTC,71423485,0.00225010,6.66000000,86867784,86867784,True,True
2020/09/06 17:05:55 UTC,71423486,0.00225050,1.45000000,86867785,86867785,False,True
2020/09/06 17:05:56 UTC,71423487,0.00224990,6.66000000,86867786,86867786,True,True
2020/09/06 17:05:56 UTC,71423488,0.00225040,0.60000000,86867787,86867787,False,True
2020/09/06 17:06:00 UTC,71423489,0.00225050,2.25000000,86867788,86867788,False,True
2020/09/06 17:06:01 UTC,71423490,0.00225050,0.74000000,86867789,86867789,False,True
2020/09/06 17:06:02 UTC,71423491,0.00225050,15.27000000,86867790,86867792,False,True
2020/09/06 17:06:02 UTC,71423492,0.00225080,3.48000000,86867793,86867794,False,True
2020/09/06 17:06:02 UTC,71423493,0.00225090,8.00000000,86867795,86867795,False,True
2020/09/06 17:06:02 UTC,71423494,0.00225100,15.83000000,86867796,86867797,False,True
2020/09/06 17:06:02 UTC,71423495,0.00225140,8.58000000,86867798,86867798,False,True
2020/09/06 17:06:05 UTC,71423496,0.00225050,1.00000000,86867799,86867799,False,True
2020/09/06 17:06:08 UTC,71423497,0.00225080,6.54000000,86867800,86867800,False,True
2020/09/06 17:06:09 UTC,71423498,0.00225030,5.00000000,86867801,86867801,True,True
2020/09/06 17:06:10 UTC,71423499,0.00225050,1.00000000,86867802,86867802,True,True
2020/09/06 17:06:10 UTC,71423500,0.00225030,0.68000000,86867803,86867803,True,True
2020/09/06 17:06:12 UTC,71423501,0.00225080,1.60000000,86867804,86867804,False,True
2020/09/06 17:06:12 UTC,71423502,0.00225090,17.77000000,86867805,86867806,False,True
2020/09/06 17:06:12 UTC,71423503,0.00225120,3.61000000,86867807,86867807,False,True
2020/09/06 17:06:12 UTC,71423504,0.00225120,2.22000000,86867808,86867809,False,True
2020/09/06 17:06:12 UTC,71423505,0.00225120,2.22000000,86867810,86867810,False,True
2020/09/06 17:06:12 UTC,71423506,0.00225120,7.10000000,86867811,86867811,False,True
2020/09/06 17:06:12 UTC,71423507,0.00225120,0.53000000,86867812,86867812,False,True
2020/09/06 17:06:12 UTC,71423508,0.00225130,7.10000000,86867813,86867813,False,True
2020/09/06 17:06:12 UTC,71423509,0.00225150,5.17000000,86867814,86867814,False,True
2020/09/06 17:06:12 UTC,71423510,0.00225070,0.25000000,86867815,86867815,True,True
2020/09/06 17:06:12 UTC,71423511,0.00225070,0.25000000,86867816,86867816,True,True
2020/09/06 17:06:13 UTC,71423512,0.00225070,0.25000000,86867817,86867817,True,True
2020/09/06 17:06:14 UTC,71423513,0.00225070,0.25000000,86867818,86867818,True,True
2020/09/06 17:06:14 UTC,71423514,0.00225090,0.25000000,86867819,86867819,True,True
2020/09/06 17:06:15 UTC,71423515,0.00225100,0.25000000,86867820,86867820,True,True
2020/09/06 17:06:15 UTC,71423516,0.00225100,0.25000000,86867821,86867821,True,True
2020/09/06 17:06:16 UTC,71423517,0.00225100,0.25000000,86867822,86867822,True,True
2020/09/06 17:06:17 UTC,71423518,0.00225100,0.25000000,86867823,86867823,True,True
2020/09/06 17:06:23 UTC,71423519,0.00225100,1.40000000,86867824,86867824,True,True
2020/09/06 17:06:23 UTC,71423520,0.00225090,6.41000000,86867825,86867825,True,True
2020/09/06 17:06:29 UTC,71423521,0.00225130,0.25000000,86867826,86867826,False,True
2020/09/06 17:06:29 UTC,71423522,0.00225140,3.21000000,86867827,86867828,False,True
2020/09/06 17:06:29 UTC,71423523,0.00225130,7.41000000,86867829,86867829,False,True
2020/09/06 17:06:30 UTC,71423524,0.00225200,4.49000000,86867830,86867830,False,True
2020/09/06 17:06:30 UTC,71423525,0.00225210,13.04000000,86867831,86867831,False,True
2020/09/06 17:06:31 UTC,71423526,0.00225070,6.66000000,86867832,86867832,True,True
2020/09/06 17:06:31 UTC,71423527,0.00225060,7.10000000,86867833,86867833,True,True
2020/09/06 17:06:31 UTC,71423528,0.00225040,6.54000000,86867834,86867834,True,True
2020/09/06 17:06:31 UTC,71423529,0.00225030,0.08000000,86867835,86867835,True,True
2020/09/06 17:06:31 UTC,71423530,0.00225000,18.10000000,86867836,86867837,True,True
2020/09/06 17:06:31 UTC,71423531,0.00225000,500.00000000,86867838,86867838,False,True
2020/09/06 17:06:31 UTC,71423532,0.00225000,940.00000000,86867839,86867839,False,True
2020/09/06 17:06:31 UTC,71423533,0.00225000,521.52000000,86867840,86867840,False,True
2020/09/06 17:06:31 UTC,71423534,0.00225190,25.38000000,86867841,86867844,False,True
2020/09/06 17:06:31 UTC,71423535,0.00225200,4.31000000,86867845,86867845,False,True
2020/09/06 17:06:31 UTC,71423536,0.00225210,70.31000000,86867846,86867847,False,True
2020/09/06 17:06:31 UTC,71423537,0.00225210,0.02000000,86867848,86867848,False,True
2020/09/06 17:06:31 UTC,71423538,0.00225210,31.15000000,86867849,86867850,False,True
2020/09/06 17:06:31 UTC,71423539,0.00225210,6.08000000,86867851,86867851,False,True
2020/09/06 17:06:32 UTC,71423540,0.00225040,4.39000000,86867852,86867853,True,True
2020/09/06 17:06:33 UTC,71423541,0.00225060,6.66000000,86867854,86867854,True,True
2020/09/06 17:06:33 UTC,71423542,0.00225050,2.80000000,86867855,86867855,True,True
2020/09/06 17:06:33 UTC,71423543,0.00225030,35.54000000,86867856,86867857,True,True
2020/09/06 17:06:33 UTC,71423544,0.00225200,1.59000000,86867858,86867858,False,True
2020/09/06 17:06:33 UTC,71423545,0.00225210,2.86000000,86867859,86867859,False,True
2020/09/06 17:06:34 UTC,71423546,0.00225080,0.12000000,86867860,86867860,True,True
2020/09/06 17:06:35 UTC,71423547,0.00225200,0.14000000,86867861,86867861,False,True
2020/09/06 17:06:37 UTC,71423548,0.00225200,0.88000000,86867862,86867862,False,True
2020/09/06 17:06:39 UTC,71423549,0.00225200,19.89000000,86867863,86867864,False,True
2020/09/06 17:06:39 UTC,71423550,0.00225220,16.07000000,86867865,86867865,False,True
2020/09/06 17:06:39 UTC,71423551,0.00225210,0.12000000,86867866,86867866,False,True
2020/09/06 17:06:39 UTC,71423552,0.00225230,2.62000000,86867867,86867867,False,True
2020/09/06 17:06:39 UTC,71423553,0.00225140,0.09000000,86867868,86867868,True,True
2020/09/06 17:06:41 UTC,71423554,0.00225140,9.01000000,86867869,86867870,True,True
2020/09/06 17:06:41 UTC,71423555,0.00225130,5.93000000,86867871,86867871,True,True
2020/09/06 17:06:42 UTC,71423556,0.00225180,6.65000000,86867872,86867872,True,True
2020/09/06 17:06:42 UTC,71423557,0.00225170,6.42000000,86867873,86867873,True,True
2020/09/06 17:06:42 UTC,71423558,0.00225160,14.98000000,86867874,86867874,True,True
2020/09/06 17:06:44 UTC,71423559,0.00225170,6.65000000,86867875,86867875,True,True
2020/09/06 17:06:48 UTC,71423560,0.00225180,0.09000000,86867876,86867876,False,True
2020/09/06 17:06:48 UTC,71423561,0.00225180,0.91000000,86867877,86867877,True,True
2020/09/06 17:06:49 UTC,71423562,0.00225230,8.88000000,86867878,86867878,False,True
2020/09/06 17:06:50 UTC,71423563,0.00225170,1.00000000,86867879,86867879,False,True
2020/09/06 17:06:51 UTC,71423564,0.00225050,0.23000000,86867880,86867880,True,True
2020/09/06 17:06:52 UTC,71423565,0.00225050,0.15000000,86867881,86867881,True,True
2020/09/06 17:06:53 UTC,71423566,0.00225130,0.11000000,86867882,86867882,False,True
2020/09/06 17:06:53 UTC,71423567,0.00225130,2.31000000,86867883,86867883,False,True
2020/09/06 17:06:56 UTC,71423568,0.00225100,3.43000000,86867884,86867884,False,True
2020/09/06 17:06:59 UTC,71423569,0.00225050,6.28000000,86867885,86867885,True,True
2020/09/06 17:06:59 UTC,71423570,0.00225040,15.24000000,86867886,86867887,True,True
2020/09/06 17:06:59 UTC,71423571,0.00225010,5.10000000,86867888,86867888,True,True
2020/09/06 17:06:59 UTC,71423572,0.00224980,2.43000000,86867889,86867890,True,True
2020/09/06 17:06:59 UTC,71423573,0.00224980,0.02000000,86867891,86867891,True,True
2020/09/06 17:06:59 UTC,71423574,0.00224940,5.09000000,86867892,86867892,True,True
2020/09/06 17:06:59 UTC,71423575,0.00225080,0.27000000,86867893,86867893,False,True
2020/09/06 17:07:03 UTC,71423576,0.00224950,1.35000000,86867894,86867894,True,True
2020/09/06 17:07:03 UTC,71423577,0.00224940,28.65000000,86867895,86867896,True,True
2020/09/06 17:07:04 UTC,71423578,0.00224940,13.72000000,86867897,86867897,True,True
2020/09/06 17:07:06 UTC,71423579,0.00224940,0.55000000,86867898,86867898,True,True
2020/09/06 17:07:06 UTC,71423580,0.00225070,11.76000000,86867899,86867900,False,True
2020/09/06 17:07:11 UTC,71423581,0.00225030,6.67000000,86867901,86867901,False,True
2020/09/06 17:07:11 UTC,71423582,0.00224970,6.66000000,86867902,86867902,True,True
2020/09/06 17:07:11 UTC,71423583,0.00225030,6.66000000,86867903,86867903,False,True
2020/09/06 17:07:11 UTC,71423584,0.00224940,6.66000000,86867904,86867904,True,True
2020/09/06 17:07:11 UTC,71423585,0.00224860,6.66000000,86867905,86867905,True,True
2020/09/06 17:07:11 UTC,71423586,0.00224850,0.27000000,86867906,86867906,True,True
2020/09/06 17:07:12 UTC,71423587,0.00224980,18.21000000,86867907,86867908,False,True
2020/09/06 17:07:12 UTC,71423588,0.00224990,1.78000000,86867909,86867909,False,True
2020/09/06 17:07:12 UTC,71423589,0.00224840,6.66000000,86867910,86867910,True,True
2020/09/06 17:07:12 UTC,71423590,0.00224840,6.66000000,86867911,86867911,True,True
2020/09/06 17:07:12 UTC,71423591,0.00224830,15.99000000,86867912,86867912,True,True
2020/09/06 17:07:12 UTC,71423592,0.00224780,10.00000000,86867913,86867913,True,True
2020/09/06 17:07:13 UTC,71423593,0.00224780,45.38000000,86867914,86867914,True,True
2020/09/06 17:07:13 UTC,71423594,0.00224770,11.14000000,86867915,86867918,True,True
2020/09/06 17:07:13 UTC,71423595,0.00224940,8.61000000,86867919,86867920,False,True
2020/09/06 17:07:13 UTC,71423596,0.00224950,8.56000000,86867921,86867922,False,True
2020/09/06 17:07:13 UTC,71423597,0.00224960,11.40000000,86867923,86867923,False,True
2020/09/06 17:07:13 UTC,71423598,0.00224970,6.41000000,86867924,86867924,False,True
2020/09/06 17:07:13 UTC,71423599,0.00224770,6.66000000,86867925,86867925,True,True
2020/09/06 17:07:14 UTC,71423600,0.00224760,0.32000000,86867926,86867926,True,True
2020/09/06 17:07:14 UTC,71423601,0.00224750,70.84000000,86867927,86867928,True,True
2020/09/06 17:07:14 UTC,71423602,0.00224750,107.64000000,86867929,86867929,True,True
2020/09/06 17:07:17 UTC,71423603,0.00224860,6.05000000,86867930,86867930,False,True
2020/09/06 17:07:17 UTC,71423604,0.00224830,7.27000000,86867931,86867931,False,True
2020/09/06 17:07:17 UTC,71423605,0.00224830,5.10000000,86867932,86867932,False,True
2020/09/06 17:07:17 UTC,71423606,0.00224830,1.56000000,86867933,86867933,False,True
2020/09/06 17:07:17 UTC,71423607,0.00224840,5.10000000,86867934,86867934,False,True
2020/09/06 17:07:17 UTC,71423608,0.00224850,13.42000000,86867935,86867935,False,True
2020/09/06 17:07:17 UTC,71423609,0.00224850,1.56000000,86867936,86867936,False,True
2020/09/06 17:07:17 UTC,71423610,0.00224870,51.20000000,86867937,86867937,False,True
2020/09/06 17:07:17 UTC,71423611,0.00224870,11.26000000,86867938,86867938,False,True
2020/09/06 17:07:17 UTC,71423612,0.00224870,11.26000000,86867939,86867939,False,True
2020/09/06 17:07:18 UTC,71423613,0.00224870,28.68000000,86867940,86867940,False,True
2020/09/06 17:07:18 UTC,71423614,0.00224870,11.26000000,86867941,86867941,False,True
2020/09/06 17:07:18 UTC,71423615,0.00224870,11.26000000,86867942,86867942,False,True
2020/09/06 17:07:18 UTC,71423616,0.00224870,11.26000000,86867943,86867943,False,True
2020/09/06 17:07:18 UTC,71423617,0.00224870,11.26000000,86867944,86867944,False,True
2020/09/06 17:07:18 UTC,71423618,0.00224870,11.26000000,86867945,86867946,False,True
2020/09/06 17:07:18 UTC,71423619,0.00224870,29.42000000,86867947,86867947,False,True
2020/09/06 17:07:20 UTC,71423620,0.00224980,7.09000000,86867948,86867948,False,True
2020/09/06 17:07:20 UTC,71423621,0.00225000,1.00000000,86867949,86867949,False,True
2020/09/06 17:07:20 UTC,71423622,0.00225050,11.26000000,86867950,86867950,False,True
2020/09/06 17:07:20 UTC,71423623,0.00225060,32.71000000,86867951,86867951,False,True
2020/09/06 17:07:22 UTC,71423624,0.00225030,0.13000000,86867952,86867952,False,True
2020/09/06 17:07:25 UTC,71423625,0.00225000,7.75000000,86867953,86867953,True,True
2020/09/06 17:07:26 UTC,71423626,0.00225000,36.22000000,86867954,86867954,True,True
2020/09/06 17:07:32 UTC,71423627,0.00225000,14.98000000,86867955,86867955,False,True
2020/09/06 17:07:32 UTC,71423628,0.00225010,34.16000000,86867956,86867957,False,True
2020/09/06 17:07:32 UTC,71423629,0.00225020,44.98000000,86867958,86867958,False,True
2020/09/06 17:07:32 UTC,71423630,0.00225020,16.01000000,86867959,86867959,True,True
2020/09/06 17:07:32 UTC,71423631,0.00225020,47.85000000,86867960,86867960,True,True
2020/09/06 17:07:35 UTC,71423632,0.00225030,0.04000000,86867961,86867961,False,True
2020/09/06 17:07:37 UTC,71423633,0.00225000,6.17000000,86867962,86867962,True,True
2020/09/06 17:07:37 UTC,71423634,0.00225000,16.01000000,86867963,86867963,True,True
2020/09/06 17:07:37 UTC,71423635,0.00225000,99.85000000,86867964,86867964,True,True
2020/09/06 17:07:37 UTC,71423636,0.00225000,415.68000000,86867965,86867965,True,True
2020/09/06 17:07:37 UTC,71423637,0.00225000,20.03000000,86867966,86867966,True,True
2020/09/06 17:07:37 UTC,71423638,0.00225000,237.50000000,86867967,86867967,True,True
2020/09/06 17:07:37 UTC,71423639,0.00225000,25.00000000,86867968,86867968,True,True
2020/09/06 17:07:37 UTC,71423640,0.00225000,22.54000000,86867969,86867969,True,True
2020/09/06 17:07:46 UTC,71423641,0.00224910,0.06000000,86867970,86867970,True,True
2020/09/06 17:07:47 UTC,71423642,0.00224910,6.60000000,86867971,86867971,True,True
2020/09/06 17:07:49 UTC,71423643,0.00224850,6.66000000,86867972,86867972,True,True
2020/09/06 17:07:49 UTC,71423644,0.00224840,12.20000000,86867973,86867974,True,True
2020/09/06 17:07:50 UTC,71423645,0.00224790,6.66000000,86867975,86867975,True,True
2020/09/06 17:07:50 UTC,71423646,0.00224780,73.02000000,86867976,86867976,True,True
2020/09/06 17:07:50 UTC,71423647,0.00224760,88.94000000,86867977,86867977,True,True
2020/09/06 17:07:50 UTC,71423648,0.00224750,424.32000000,86867978,86867981,True,True
2020/09/06 17:07:50 UTC,71423649,0.00224740,89.35000000,86867982,86867983,True,True
2020/09/06 17:07:50 UTC,71423650,0.00224730,34.37000000,86867984,86867984,True,True
2020/09/06 17:07:50 UTC,71423651,0.00224730,28.88000000,86867985,86867986,True,True
2020/09/06 17:07:50 UTC,71423652,0.00224720,0.29000000,86867987,86867987,True,True
2020/09/06 17:07:50 UTC,71423653,0.00224720,0.81000000,86867988,86867988,True,True
2020/09/06 17:07:50 UTC,71423654,0.00224710,0.29000000,86867989,86867989,True,True
2020/09/06 17:07:50 UTC,71423655,0.00224700,14.11000000,86867990,86867992,True,True
2020/09/06 17:07:50 UTC,71423656,0.00224690,0.45000000,86867993,86867994,True,True
2020/09/06 17:07:50 UTC,71423657,0.00224680,44.87000000,86867995,86867995,True,True
2020/09/06 17:07:50 UTC,71423658,0.00224680,0.45000000,86867996,86867996,True,True
2020/09/06 17:07:50 UTC,71423659,0.00224680,104.68000000,86867997,86867997,True,True
2020/09/06 17:07:50 UTC,71423660,0.00224660,33.90000000,86867998,86867998,True,True
2020/09/06 17:07:50 UTC,71423661,0.00224650,47.80000000,86867999,86868002,True,True
2020/09/06 17:07:50 UTC,71423662,0.00224640,0.72000000,86868003,86868006,True,True
2020/09/06 17:07:50 UTC,71423663,0.00224630,1.58000000,86868007,86868008,True,True
2020/09/06 17:07:50 UTC,71423664,0.00224620,10.54000000,86868009,86868015,True,True
2020/09/06 17:07:50 UTC,71423665,0.00224610,0.13000000,86868016,86868016,True,True
2020/09/06 17:07:50 UTC,71423666,0.00224600,7.20000000,86868017,86868021,True,True
2020/09/06 17:07:50 UTC,71423667,0.00224590,1.79000000,86868022,86868023,True,True
2020/09/06 17:07:50 UTC,71423668,0.00224580,0.63000000,86868024,86868024,True,True
2020/09/06 17:07:50 UTC,71423669,0.00224570,22.76000000,86868025,86868026,True,True
2020/09/06 17:07:50 UTC,71423670,0.00224550,1.79000000,86868027,86868028,True,True
2020/09/06 17:07:50 UTC,71423671,0.00224540,2.67000000,86868029,86868030,True,True
2020/09/06 17:07:50 UTC,71423672,0.00224530,45.33000000,86868031,86868031,True,True
2020/09/06 17:07:50 UTC,71423673,0.00224520,0.08000000,86868032,86868032,True,True
2020/09/06 17:07:50 UTC,71423674,0.00224500,4.74000000,86868033,86868034,True,True
2020/09/06 17:07:50 UTC,71423675,0.00224500,14.10000000,86868035,86868035,True,True
2020/09/06 17:07:50 UTC,71423676,0.00224500,102.18000000,86868036,86868036,True,True
2020/09/06 17:07:50 UTC,71423677,0.00224500,354.64000000,86868037,86868037,True,True
2020/09/06 17:07:50 UTC,71423678,0.00224500,26.63000000,86868038,86868039,True,True
2020/09/06 17:07:50 UTC,71423679,0.00224500,101.71000000,86868040,86868042,True,True
2020/09/06 17:07:50 UTC,71423680,0.00224490,0.29000000,86868043,86868043,True,True
2020/09/06 17:07:50 UTC,71423681,0.00224480,69.02000000,86868044,86868046,True,True
2020/09/06 17:07:50 UTC,71423682,0.00224480,0.29000000,86868047,86868047,True,True
2020/09/06 17:07:50 UTC,71423683,0.00224470,0.15000000,86868048,86868048,True,True
2020/09/06 17:07:50 UTC,71423684,0.00224460,0.67000000,86868049,86868049,True,True
2020/09/06 17:07:51 UTC,71423685,0.00224440,41.26000000,86868050,86868050,True,True
2020/09/06 17:07:51 UTC,71423686,0.00224430,0.44000000,86868051,86868051,True,True
2020/09/06 17:07:51 UTC,71423687,0.00224420,0.25000000,86868052,86868052,True,True
2020/09/06 17:07:51 UTC,71423688,0.00224410,0.07000000,86868053,86868053,True,True
2020/09/06 17:07:51 UTC,71423689,0.00224400,4.17000000,86868054,86868056,True,True
2020/09/06 17:07:51 UTC,71423690,0.00224380,4.59000000,86868057,86868060,True,True
2020/09/06 17:07:51 UTC,71423691,0.00224370,96.22000000,86868061,86868066,True,True
2020/09/06 17:07:51 UTC,71423692,0.00224360,0.48000000,86868067,86868067,True,True
2020/09/06 17:07:51 UTC,71423693,0.00224340,0.99000000,86868068,86868071,True,True
2020/09/06 17:07:51 UTC,71423694,0.00224330,0.41000000,86868072,86868072,True,True
2020/09/06 17:07:51 UTC,71423695,0.00224320,2.40000000,86868073,86868075,True,True
2020/09/06 17:07:51 UTC,71423696,0.00224310,0.71000000,86868076,86868076,True,True
2020/09/06 17:07:51 UTC,71423697,0.00224300,3.77000000,86868077,86868080,True,True
2020/09/06 17:07:51 UTC,71423698,0.00224280,0.48000000,86868081,86868082,True,True
2020/09/06 17:07:51 UTC,71423699,0.00224540,22.72000000,86868083,86868083,True,True
2020/09/06 17:07:51 UTC,71423700,0.00224780,0.12000000,86868084,86868084,False,True
2020/09/06 17:07:52 UTC,71423701,0.00224660,1.55000000,86868085,86868086,False,True
2020/09/06 17:07:52 UTC,71423702,0.00224670,3.21000000,86868087,86868087,False,True
2020/09/06 17:07:52 UTC,71423703,0.00224710,3.91000000,86868088,86868088,False,True
2020/09/06 17:07:53 UTC,71423704,0.00224580,0.16000000,86868089,86868089,False,True
2020/09/06 17:07:53 UTC,71423705,0.00224550,1.46000000,86868090,86868090,False,True
2020/09/06 17:07:53 UTC,71423706,0.00224260,7.74000000,86868091,86868093,True,True
2020/09/06 17:07:54 UTC,71423707,0.00224490,13.12000000,86868094,86868094,False,True
2020/09/06 17:07:55 UTC,71423708,0.00224470,0.05000000,86868095,86868095,False,True
2020/09/06 17:07:55 UTC,71423709,0.00224450,3.80000000,86868096,86868097,False,True
2020/09/06 17:07:55 UTC,71423710,0.00224410,0.21000000,86868098,86868098,False,True
2020/09/06 17:07:56 UTC,71423711,0.00224410,2.69000000,86868099,86868099,False,True
2020/09/06 17:07:56 UTC,71423712,0.00224420,1.35000000,86868100,86868100,False,True
2020/09/06 17:07:56 UTC,71423713,0.00224450,0.87000000,86868101,86868101,False,True
2020/09/06 17:07:58 UTC,71423714,0.00224270,2.24000000,86868102,86868102,True,True
2020/09/06 17:07:58 UTC,71423715,0.00224450,0.13000000,86868103,86868103,False,True
2020/09/06 17:07:59 UTC,71423716,0.00224440,0.24000000,86868104,86868104,False,True
2020/09/06 17:08:00 UTC,71423717,0.00224400,0.14000000,86868105,86868105,False,True
2020/09/06 17:08:00 UTC,71423718,0.00224400,0.21000000,86868106,86868106,False,True
2020/09/06 17:08:01 UTC,71423719,0.00224290,0.50000000,86868107,86868107,True,True
2020/09/06 17:08:01 UTC,71423720,0.00224290,6.18000000,86868108,86868108,True,True
2020/09/06 17:08:01 UTC,71423721,0.00224280,0.14000000,86868109,86868109,True,True
2020/09/06 17:08:01 UTC,71423722,0.00224260,10.76000000,86868110,86868111,True,True
2020/09/06 17:08:02 UTC,71423723,0.00224380,2.24000000,86868112,86868112,False,True
2020/09/06 17:08:02 UTC,71423724,0.00224390,1.30000000,86868113,86868113,False,True
2020/09/06 17:08:02 UTC,71423725,0.00224400,5.08000000,86868114,86868114,False,True
2020/09/06 17:08:03 UTC,71423726,0.00224370,0.16000000,86868115,86868115,False,True
2020/09/06 17:08:03 UTC,71423727,0.00224360,1.19000000,86868116,86868116,False,True
2020/09/06 17:08:03 UTC,71423728,0.00224350,3.80000000,86868117,86868117,False,True
2020/09/06 17:08:03 UTC,71423729,0.00224350,2.02000000,86868118,86868118,False,True
2020/09/06 17:08:03 UTC,71423730,0.00224350,0.70000000,86868119,86868119,False,True
2020/09/06 17:08:03 UTC,71423731,0.00224380,14.98000000,86868120,86868120,False,True
2020/09/06 17:08:03 UTC,71423732,0.00224390,1.13000000,86868121,86868121,False,True
2020/09/06 17:08:03 UTC,71423733,0.00224400,2.71000000,86868122,86868122,False,True
2020/09/06 17:08:03 UTC,71423734,0.00224430,14.62000000,86868123,86868124,False,True
2020/09/06 17:08:03 UTC,71423735,0.00224440,19.08000000,86868125,86868126,False,True
2020/09/06 17:08:04 UTC,71423736,0.00224270,0.50000000,86868127,86868127,True,True
2020/09/06 17:08:04 UTC,71423737,0.00224410,0.50000000,86868128,86868128,False,True
2020/09/06 17:08:04 UTC,71423738,0.00224420,20.90000000,86868129,86868129,False,True
2020/09/06 17:08:05 UTC,71423739,0.00224270,0.12000000,86868130,86868130,True,True
2020/09/06 17:08:06 UTC,71423740,0.00224390,0.28000000,86868131,86868132,False,True
2020/09/06 17:08:06 UTC,71423741,0.00224270,0.05000000,86868133,86868133,True,True
2020/09/06 17:08:10 UTC,71423742,0.00224300,0.13000000,86868134,86868134,True,True
2020/09/06 17:08:10 UTC,71423743,0.00224270,1.09000000,86868135,86868135,True,True
2020/09/06 17:08:11 UTC,71423744,0.00224340,0.05000000,86868136,86868136,False,True
2020/09/06 17:08:11 UTC,71423745,0.00224350,1.93000000,86868137,86868137,False,True
2020/09/06 17:08:11 UTC,71423746,0.00224340,0.35000000,86868138,86868138,False,True
2020/09/06 17:08:12 UTC,71423747,0.00224340,0.14000000,86868139,86868139,False,True
2020/09/06 17:08:13 UTC,71423748,0.00224340,0.60000000,86868140,86868140,False,True
2020/09/06 17:08:13 UTC,71423749,0.00224350,1.38000000,86868141,86868141,False,True
2020/09/06 17:08:15 UTC,71423750,0.00224290,0.17000000,86868142,86868142,True,True
2020/09/06 17:08:16 UTC,71423751,0.00224290,0.29000000,86868143,86868143,True,True
2020/09/06 17:08:16 UTC,71423752,0.00224290,6.22000000,86868144,86868144,True,True
2020/09/06 17:08:16 UTC,71423753,0.00224280,1.93000000,86868145,86868145,True,True
2020/09/06 17:08:16 UTC,71423754,0.00224250,59.58000000,86868146,86868147,True,True
2020/09/06 17:08:16 UTC,71423755,0.00224330,0.65000000,86868148,86868148,False,True
2020/09/06 17:08:18 UTC,71423756,0.00224330,6.03000000,86868149,86868149,False,True
2020/09/06 17:08:18 UTC,71423757,0.00224340,2.30000000,86868150,86868150,False,True
2020/09/06 17:08:18 UTC,71423758,0.00224260,6.68000000,86868151,86868151,True,True
2020/09/06 17:08:18 UTC,71423759,0.00224330,6.63000000,86868152,86868152,False,True
2020/09/06 17:08:18 UTC,71423760,0.00224320,14.98000000,86868153,86868153,False,True
2020/09/06 17:08:19 UTC,71423761,0.00224330,0.05000000,86868154,86868154,False,True
2020/09/06 17:08:19 UTC,71423762,0.00224340,1.59000000,86868155,86868155,False,True
2020/09/06 17:08:19 UTC,71423763,0.00224350,14.75000000,86868156,86868157,False,True
2020/09/06 17:08:19 UTC,71423764,0.00224350,0.05000000,86868158,86868158,False,True
2020/09/06 17:08:19 UTC,71423765,0.00224370,0.02000000,86868159,86868159,False,True
2020/09/06 17:08:19 UTC,71423766,0.00224370,1.13000000,86868160,86868160,False,True
2020/09/06 17:08:19 UTC,71423767,0.00224370,11.85000000,86868161,86868161,False,True
2020/09/06 17:08:19 UTC,71423768,0.00224380,56.43000000,86868162,86868164,False,True
2020/09/06 17:08:19 UTC,71423769,0.00224370,6.91000000,86868165,86868165,False,True
2020/09/06 17:08:19 UTC,71423770,0.00224370,5.42000000,86868166,86868166,False,True
2020/09/06 17:08:19 UTC,71423771,0.00224380,5.00000000,86868167,86868167,False,True
2020/09/06 17:08:19 UTC,71423772,0.00224280,6.68000000,86868168,86868168,True,True
2020/09/06 17:08:19 UTC,71423773,0.00224270,8.00000000,86868169,86868169,True,True
2020/09/06 17:08:19 UTC,71423774,0.00224250,30.65000000,86868170,86868170,True,True
2020/09/06 17:08:20 UTC,71423775,0.00224370,3.80000000,86868171,86868171,False,True
2020/09/06 17:08:21 UTC,71423776,0.00224260,6.68000000,86868172,86868172,True,True
2020/09/06 17:08:21 UTC,71423777,0.00224250,61.33000000,86868173,86868173,True,True
2020/09/06 17:08:21 UTC,71423778,0.00224370,2.88000000,86868174,86868174,False,True
2020/09/06 17:08:22 UTC,71423779,0.00224300,6.68000000,86868175,86868175,True,True
2020/09/06 17:08:22 UTC,71423780,0.00224270,14.28000000,86868176,86868177,True,True
2020/09/06 17:08:22 UTC,71423781,0.00224260,1.68000000,86868178,86868178,True,True
2020/09/06 17:08:24 UTC,71423782,0.00224270,6.68000000,86868179,86868179,True,True
2020/09/06 17:08:24 UTC,71423783,0.00224260,15.99000000,86868180,86868180,True,True
2020/09/06 17:08:24 UTC,71423784,0.00224370,6.68000000,86868181,86868181,False,True
2020/09/06 17:08:24 UTC,71423785,0.00224380,1.91000000,86868182,86868182,False,True
2020/09/06 17:08:24 UTC,71423786,0.00224430,11.09000000,86868183,86868183,False,True
2020/09/06 17:08:24 UTC,71423787,0.00224440,2.34000000,86868184,86868184,False,True
2020/09/06 17:08:24 UTC,71423788,0.00224450,3.78000000,86868185,86868185,False,True
2020/09/06 17:08:24 UTC,71423789,0.00224500,1.00000000,86868186,86868186,False,True
2020/09/06 17:08:24 UTC,71423790,0.00224540,3.34000000,86868187,86868187,False,True
2020/09/06 17:08:24 UTC,71423791,0.00224580,2.01000000,86868188,86868188,False,True
2020/09/06 17:08:24 UTC,71423792,0.00224590,2.67000000,86868189,86868189,False,True
2020/09/06 17:08:24 UTC,71423793,0.00224620,7.59000000,86868190,86868190,False,True
2020/09/06 17:08:25 UTC,71423794,0.00224310,11.35000000,86868191,86868192,True,True
2020/09/06 17:08:25 UTC,71423795,0.00224300,7.98000000,86868193,86868193,True,True
2020/09/06 17:08:25 UTC,71423796,0.00224300,2.02000000,86868194,86868194,True,True
2020/09/06 17:08:25 UTC,71423797,0.00224280,8.96000000,86868195,86868195,True,True
2020/09/06 17:08:25 UTC,71423798,0.00224280,2.00000000,86868196,86868197,True,True
2020/09/06 17:08:25 UTC,71423799,0.00224320,4.70000000,86868198,86868198,True,True
2020/09/06 17:08:25 UTC,71423800,0.00224280,8.41000000,86868199,86868199,True,True
2020/09/06 17:08:25 UTC,71423801,0.00224490,13.00000000,86868200,86868200,False,True
2020/09/06 17:08:25 UTC,71423802,0.00224500,2.78000000,86868201,86868201,False,True
2020/09/06 17:08:25 UTC,71423803,0.00224570,8.78000000,86868202,86868202,False,True
2020/09/06 17:08:25 UTC,71423804,0.00224290,12.14000000,86868203,86868204,True,True
2020/09/06 17:08:25 UTC,71423805,0.00224280,33.24000000,86868205,86868205,True,True
2020/09/06 17:08:26 UTC,71423806,0.00224420,13.36000000,86868206,86868206,False,True
2020/09/06 17:08:26 UTC,71423807,0.00224420,6.68000000,86868207,86868207,False,True
2020/09/06 17:08:26 UTC,71423808,0.00224430,1.93000000,86868208,86868208,False,True
2020/09/06 17:08:27 UTC,71423809,0.00224350,6.67000000,86868209,86868209,True,True
2020/09/06 17:08:27 UTC,71423810,0.00224330,15.97000000,86868210,86868211,True,True
2020/09/06 17:08:28 UTC,71423811,0.00224480,0.29000000,86868212,86868212,False,True
2020/09/06 17:08:29 UTC,71423812,0.00224360,6.68000000,86868213,86868213,True,True
2020/09/06 17:08:29 UTC,71423813,0.00224340,2.77000000,86868214,86868214,True,True
2020/09/06 17:08:29 UTC,71423814,0.00224290,10.00000000,86868215,86868215,True,True
2020/09/06 17:08:29 UTC,71423815,0.00224280,246.39000000,86868216,86868216,True,True
2020/09/06 17:08:29 UTC,71423816,0.00224260,5.16000000,86868217,86868217,True,True
2020/09/06 17:08:32 UTC,71423817,0.00224330,4.44000000,86868218,86868218,True,True
2020/09/06 17:08:32 UTC,71423818,0.00224440,0.23000000,86868219,86868219,False,True
2020/09/06 17:08:33 UTC,71423819,0.00224440,0.40000000,86868220,86868220,False,True
2020/09/06 17:08:33 UTC,71423820,0.00224440,0.13000000,86868221,86868221,False,True
2020/09/06 17:08:34 UTC,71423821,0.00224330,3.13000000,86868222,86868222,True,True
2020/09/06 17:08:34 UTC,71423822,0.00224330,18.73000000,86868223,86868223,False,True
2020/09/06 17:08:35 UTC,71423823,0.00224440,0.13000000,86868224,86868224,False,True
2020/09/06 17:08:44 UTC,71423824,0.00224440,5.49000000,86868225,86868225,False,True
2020/09/06 17:08:44 UTC,71423825,0.00224350,0.16000000,86868226,86868226,True,True
2020/09/06 17:08:48 UTC,71423826,0.00224470,4.31000000,86868227,86868227,False,True
2020/09/06 17:08:53 UTC,71423827,0.00224470,0.38000000,86868228,86868228,False,True
2020/09/06 17:08:58 UTC,71423828,0.00224460,10.00000000,86868229,86868229,False,True
2020/09/06 17:08:58 UTC,71423829,0.00224460,4.98000000,86868230,86868230,False,True
2020/09/06 17:08:58 UTC,71423830,0.00224470,13.83000000,86868231,86868234,False,True
2020/09/06 17:08:58 UTC,71423831,0.00224480,19.19000000,86868235,86868235,False,True
2020/09/06 17:08:59 UTC,71423832,0.00224480,47.50000000,86868236,86868236,False,True
2020/09/06 17:08:59 UTC,71423833,0.00224480,3.22000000,86868237,86868237,False,True
2020/09/06 17:08:59 UTC,71423834,0.00224480,31.41000000,86868238,86868238,False,True
2020/09/06 17:08:59 UTC,71423835,0.00224500,3.22000000,86868239,86868239,False,True
2020/09/06 17:09:00 UTC,71423836,0.00224620,0.05000000,86868240,86868240,False,True
2020/09/06 17:09:03 UTC,71423837,0.00224540,0.05000000,86868241,86868241,True,True
2020/09/06 17:09:08 UTC,71423838,0.00224620,0.11000000,86868242,86868242,False,True
2020/09/06 17:09:08 UTC,71423839,0.00224630,8.14000000,86868243,86868243,False,True
2020/09/06 17:09:08 UTC,71423840,0.00224640,7.07000000,86868244,86868244,False,True
2020/09/06 17:09:09 UTC,71423841,0.00224690,6.82000000,86868245,86868245,False,True
2020/09/06 17:09:09 UTC,71423842,0.00224690,1.16000000,86868246,86868246,False,True
2020/09/06 17:09:09 UTC,71423843,0.00224650,13.25000000,86868247,86868248,True,True
2020/09/06 17:09:09 UTC,71423844,0.00224640,40.60000000,86868249,86868249,True,True
2020/09/06 17:09:09 UTC,71423845,0.00224630,0.53000000,86868250,86868250,True,True
2020/09/06 17:09:09 UTC,71423846,0.00224580,10.00000000,86868251,86868251,True,True
2020/09/06 17:09:09 UTC,71423847,0.00224570,4.28000000,86868252,86868252,True,True
2020/09/06 17:09:09 UTC,71423848,0.00224560,7.56000000,86868253,86868253,True,True
2020/09/06 17:09:09 UTC,71423849,0.00224550,3.92000000,86868254,86868254,True,True
2020/09/06 17:09:09 UTC,71423850,0.00224480,43.35000000,86868255,86868255,True,True
2020/09/06 17:09:11 UTC,71423851,0.00224680,12.71000000,86868256,86868257,False,True
2020/09/06 17:09:11 UTC,71423852,0.00224690,3.32000000,86868258,86868258,False,True
2020/09/06 17:09:11 UTC,71423853,0.00224630,0.72000000,86868259,86868259,True,True
2020/09/06 17:09:13 UTC,71423854,0.00224630,7.56000000,86868260,86868260,True,True
2020/09/06 17:09:13 UTC,71423855,0.00224620,2.61000000,86868261,86868261,True,True
2020/09/06 17:09:15 UTC,71423856,0.00224720,7.56000000,86868262,86868262,False,True
2020/09/06 17:09:17 UTC,71423857,0.00224630,4.00000000,86868263,86868263,True,True
2020/09/06 17:09:19 UTC,71423858,0.00224650,0.42000000,86868264,86868264,True,True
2020/09/06 17:09:19 UTC,71423859,0.00224630,3.56000000,86868265,86868265,True,True
2020/09/06 17:09:19 UTC,71423860,0.00224620,15.07000000,86868266,86868266,True,True
2020/09/06 17:09:21 UTC,71423861,0.00224650,2.66000000,86868267,86868267,False,True
2020/09/06 17:09:22 UTC,71423862,0.00224650,1.00000000,86868268,86868268,False,True
2020/09/06 17:09:33 UTC,71423863,0.00224580,7.56000000,86868269,86868269,True,True
2020/09/06 17:09:33 UTC,71423864,0.00224570,5.10000000,86868270,86868270,True,True
2020/09/06 17:09:33 UTC,71423865,0.00224560,10.00000000,86868271,86868271,True,True
2020/09/06 17:09:33 UTC,71423866,0.00224550,14.98000000,86868272,86868272,True,True
2020/09/06 17:09:33 UTC,71423867,0.00224540,4.36000000,86868273,86868273,True,True
2020/09/06 17:09:33 UTC,71423868,0.00224500,100.00000000,86868274,86868274,True,True
2020/09/06 17:09:33 UTC,71423869,0.00224490,7.09000000,86868275,86868275,True,True
2020/09/06 17:09:33 UTC,71423870,0.00224470,89.05000000,86868276,86868276,True,True
2020/09/06 17:09:33 UTC,71423871,0.00224460,98.48000000,86868277,86868278,True,True
2020/09/06 17:09:33 UTC,71423872,0.00224450,311.00000000,86868279,86868279,True,True
2020/09/06 17:09:33 UTC,71423873,0.00224450,4.00000000,86868280,86868280,False,True
